4820 6980
977 561 1173 608 numentanos
1193 561 1258 606 xxv.
1812 530 1869 598 783
1920 526 1973 581 Aa.
1987 527 2018 582 (t.
2038 521 2107 577 1751

345 681 522 759 alegitima
547 687 699 760 potestate
724 682 952 760 interrogatus,
983 678 1089 742 omnia
1143 675 1357 741 stitutionibus
1371 676 1512 742 debitum
1532 675 1716 755 obsequium
1738 679 1770 736 et
1790 669 1891 733 omni·

344 775 433 838 lateri
456 781 615 851 teneatur,
639 791 854 855 quaecumque
878 773 1090 852 exquiruntur
1144 771 1233 832 moda
1254 770 1450 834 observantia
1477 776 1666 854 praestatum
1693 764 1774 847 quod
1797 763 1835 826 iis
1856 764 1888 825 in

344 870 380 931 ad
402 868 658 946 dignoscendum,
674 884 713 931 an
725 868 839 947 aliquid
862 867 895 930 in
910 863 1088 929 huiusmodi
1145 863 1328 926 memoriam
1349 870 1534 926 revocarunt
1554 861 1638 924 Trid.
1657 857 1772 939 synodi
1786 857 1888 932 Patre,

343 960 551 1024 conventibus
565 961 628 1036 ilat,
644 961 724 1042 quod
740 961 779 1023 sit
799 969 906 1025 contra
928 957 1090 1036 religionis
1147 953 1226 1016 Sera.
1239 957 1299 1029 25,
1319 956 1396 1033 cop.
1407 955 1467 1030 20,
1483 955 1645 1034 multoque
1660 962 1749 1015 antea
1763 949 1888 1027 egregie

343 1063 396 1118 aut
410 1055 597 1134 reipublicae
610 1061 728 1118 statum
742 1062 773 1117 et
787 1055 882 1130 leges.
902 1053 1014 1128 Quarta
1030 1057 1088 1126 est,
1144 1048 1350 1112 declaraverat
1381 1049 1553 1129 imperator
1583 1045 1710 1110 Carolus
1737 1044 1888 1121 Magnus,

343 1151 425 1228 quod
448 1149 626 1212 huiusmodi
653 1149 812 1212 societates
833 1162 896 1208 non
924 1145 1028 1208 minus
1049 1143 1091 1206 oi·
1143 1157 1274 1205 suorum
1294 1143 1510 1222 capitularium
1538 1137 1887 1216 nuncupemur,

344 1243 458 1306 vilibus
475 1257 568 1321 quam
589 1241 745 1305 canonicis
758 1239 967 1302 sanctionibus
982 1239 1089 1301 adver·
1143 1242 1212 1310 post
1233 1235 1448 1298 demandatam
1468 1235 1612 1297 omnibus
1626 1233 1684 1296 sibi
1698 1231 1827 1295 subditis
1841 1247 1890 1294 eo·

343 1336 404 1398 sari
426 1336 671 1412 dignoscentem
694 1348 793 1412 quum
820 1332 936 1394 scilicet
957 1331 1028 1393 iure
1048 1329 1090 1391 ci·
1143 1325 1382 1416 clesiasticaram
1414 1329 1610 1392 sanctionum
1642 1326 1887 1402 observantiam,

344 1428 400 1491 vili
421 1427 526 1491 omnia
546 1428 674 1504 collegia
686 1435 717 1490 et
737 1424 876 1488 sodalitia
898 1431 1019 1502 praeter
1034 1437 1092 1500 pu·
1144 1419 1219 1482 haec
1239 1420 1366 1483 addidit:
1392 1423 1472 1486 Nam
1495 1421 1586 1484 nutto
1606 1427 1700 1499 pacto
1720 1435 1889 1500 agnoscere

344 1520 457 1584 blicam
478 1521 694 1584 auctoritatem
717 1517 886 1582 consociata
907 1516 1091 1596 prohibean·
1142 1526 1311 1589 poscumus
1339 1514 1482 1593 qualiter
1507 1512 1597 1579 nobis
1625 1514 1728 1596 fideles
1750 1513 1889 1576 emittere

344 1621 413 1688 tur,
435 1620 471 1676 ut
494 1612 602 1675 videre
628 1621 674 1676 est
699 1611 732 1674 in
759 1609 983 1673 Pandectarum
1012 1607 1090 1670 libro
1145 1611 1288 1680 possunt,
1312 1607 1368 1683 qui
1389 1606 1451 1669 Deo
1473 1607 1625 1685 infideles,
1641 1614 1672 1669 et
1693 1606 1763 1668 suis
1784 1621 1889 1668 sacer·

344 1706 476 1783 xtvtt,
501 1706 549 1768 tit.
565 1706 656 1769 tide
671 1705 820 1786 collegiis
841 1721 879 1768 nc
902 1699 1088 1780 corporibus
1143 1694 1271 1759 dotibus
1303 1695 1517 1762 inobedientes
1548 1699 1775 1777 apparuerint.
1812 1699 1889 1774 Qua·

344 1799 496 1872 ttticitn's,·
520 1807 552 1862 et
577 1800 611 1862 in
636 1799 750 1862 celebri
778 1797 905 1877 epistola
934 1797 967 1862 C.
996 1793 1089 1856 Plinii
1144 1797 1271 1867 propter
1285 1793 1405 1856 cunctis
1419 1793 1575 1856 ditionum
1596 1809 1723 1855 suarum
1744 1791 1891 1870 praesidi·

344 1893 467 1960 Caecilii
487 1894 627 1969 secundi,
650 1897 796 1970 quaeest
818 1887 1024 1956 xcvllaihri
1047 1887 1085 1952 ll.
1145 1881 1200 1943 bus
1222 1891 1253 1946 et
1282 1887 1435 1948 ministris
1462 1887 1643 1963 iniungens,
1666 1894 1700 1949 ut
1728 1899 1837 1948 omncs
1858 1895 1889 1949 et

342 1988 375 2051 in
397 2004 458 2066 qua
478 1987 531 2062 ait,
555 1985 654 2049 edicto
674 2001 742 2060 suo,
764 1985 935 2047 secuudum
956 1982 1091 2060 Impera·
1143 1977 1285 2054 singulos
1306 1979 1343 2040 ad
1365 1981 1500 2044 debitam
1515 1981 1723 2044 obedientiam
1737 1979 1889 2043 Ecclesiae

343 2081 419 2142 toris
432 2081 586 2154 mandata,
602 2078 737 2140 vetitum
751 2076 857 2153 tuisse,
874 2091 915 2137 ne
928 2074 1087 2138 Hetaerice
1144 2068 1266 2146 legibus
1280 2073 1485 2136 exhibendam
1507 2076 1636 2136 omnino
1651 2073 1887 2152 compellerent,

342 2181 457 2248 ment,
484 2172 562 2234 idest
588 2187 629 2234 ne
663 2170 822 2234 societates
853 2178 885 2232 et
915 2174 1089 2232 conventus
1144 2164 1339 2240 gravissimas
1369 2181 1493 2244 quoque
1520 2181 1635 2244 poenas
1662 2167 1809 2229 adversus
1837 2181 1889 2227 eos

341 2264 411 2328 sine
441 2263 591 2342 Principis
614 2264 797 2326 auctoritate
822 2261 897 2324 iniri
925 2269 957 2324 et
982 2259 1088 2322 haberi
1144 2257 1268 2332 indixit,
1284 2257 1338 2336 qui
1352 2260 1409 2320 hoo
1424 2267 1577 2336 praestare
1592 2259 1802 2336 negligerent,
1817 2258 1889 2322 sub

341 2365 479 2438 possent.
501 2357 615 2433 Quinta
636 2362 693 2431 est,
710 2355 790 2435 quod
810 2355 870 2416 iam
892 2355 924 2417 in
946 2353 1089 2433 pluribus
1145 2350 1220 2412 dens
1242 2351 1324 2412 inter
1344 2351 1421 2414 alia:
1446 2354 1507 2429 Qui
1529 2359 1639 2416 autern
1663 2353 1700 2414 in
1722 2350 1772 2412 bis
1793 2347 1889 2430 (guod

341 2450 522 2527 regionibns
543 2457 733 2512 memoratae
752 2449 912 2512 societates
932 2453 963 2509 et
980 2461 1090 2523 aggre-
1143 2439 1244 2526 absit)
1267 2449 1327 2507 ant
1349 2444 1554 2525 negligentes,
1577 2446 1683 2524 eisque
1709 2443 1888 2508 inobedien-

342 2539 1088 2622 gationessaccularinmprincipumlegibuspro-
1144 2543 1190 2600 tes
1251 2539 1339 2601 erint
1361 2539 1495 2612 inuenti,
1520 2537 1639 2610 sciant,
1655 2555 1687 2600 se
1708 2555 1764 2601 nec
1783 2538 1820 2599 in
1835 2555 1888 2600 no-

341 2637 473 2714 scriptae
494 2642 586 2713 atque
611 2634 789 2697 eliminatae
810 2634 942 2696 inerant.
973 2631 1088 2694 Ultima
1143 2636 1188 2691 etr
1275 2632 1364 2709 perio
1379 2631 1511 2693 bonores
1534 2633 1682 2702 retinere,
1695 2631 1774 2698 ,ticet
1789 2631 1888 2694 etiam

342 2730 481 2803 demum,
504 2729 586 2808 quod
618 2730 696 2806 apud
726 2727 893 2806 prudentes
925 2733 956 2789 et
976 2725 1088 2804 probos
1142 2722 1205 2801 filit
1225 2726 1332 2786 nostri
1353 2726 1492 2804 tuerint,
1506 2743 1562 2788 nec
1584 2725 1756 2804 imputatio
1772 2724 1887 2797 torum,

261 2847 272 2866 ·
342 2823 426 2885 viros
457 2825 584 2886 eaedem
607 2823 768 2886 societates
795 2830 826 2885 et
853 2820 1087 2900 aggregationem
1145 2834 1243 2895 neque
1269 2818 1443 2894 nobiscum,
1467 2826 1529 2884 aut
1550 2836 1622 2882 eum
1650 2819 1771 2882 uostris
1792 2820 1890 2881 cocie-

341 2915 424 2979 male
443 2915 599 2992 audirent,
613 2931 785 2996 eorumque
806 2915 931 2990 iudicio,
947 2913 1089 2994 quicum·
1145 2917 1244 2974 tatem
1265 2919 1326 2976 out
1356 2914 1617 2978 communitatem
1638 2911 1739 2977 uttam
1761 2909 1886 2983 babere,

342 3027 405 3090 que
429 3011 546 3073 eisdem
575 3010 701 3073 nomina
727 3009 853 3084 darent,
876 3007 1036 3087 pravitatis
1057 3013 1105 3088 et,
1142 3005 1195 3067 aed
1210 3006 1313 3086 magis
1323 3003 1382 3071 sub
1393 3007 1597 3071 districtione
1608 3014 1639 3069 et
1650 3007 1811 3071 ariditate
1821 3020 1889 3083 poe·

342 3103 551 3182 perversionis
572 3111 677 3166 notam
700 3103 909 3166 incurrerent.
1143 3115 1201 3162 uas
1223 3100 1325 3161 luent.
1542 3095 1545 3100 “

109 3208 325 3272 ravoeaupsuxt·
382 3197 451 3272 57.
475 3193 986 3276 Deniqueidempraedecossorin
1002 3208 1088 3272 prae·
1181 3192 1244 3268 §tt
1261 3194 1413 3256 Volumus
1429 3201 1546 3270 antem,
1567 3202 1602 3257 ut
1612 3193 1793 3258 earumdem
1805 3207 1888 3270 prae·
1946 3191 2021 3240 rtem
2040 3193 2118 3239 tran-

100 3261 326 3363 fflrfffflffi
343 3293 458 3356 inserta
480 3291 705 3358 constitutione
726 3291 890 3369 Episcopus
905 3297 936 3350 et
949 3287 1086 3366 superio·
1141 3287 1279 3348 sentium
1299 3287 1515 3365 transumptis,
1531 3287 1625 3349 etiam
1641 3285 1809 3364 impressis,
1823 3299 1888 3347 ma·
1905 3243 2089 3344 agnoetarum
2109 3268 2118 3280 '

102 3367 182 3468 {iffi}
196 3369 325 3468 ,2⁰¹'ffgff
343 3402 393 3448 res
414 3384 575 3462 praelatos,
597 3383 734 3462 aliosque
755 3383 895 3446 locorum
909 3381 1088 3446 Ordinarios
1143 3395 1187 3441 nu
1213 3379 1342 3445 allectus
1371 3381 1482 3442 notarii
1511 3379 1624 3458 publici
1651 3378 1831 3457 subscriptis
1856 3385 1887 3440 el

102 3474 157 3522 Μ’
180 3432 324 3523 Πῑθῐῗθΰθ-
343 3479 467 3552 excitat,
493 3482 528 3538 ut
551 3492 608 3555 pro
633 3476 717 3537 illius
741 3476 934 3551 executione,
961 3473 985 3536 si
1010 3487 1087 3551 opus
1141 3472 1245 3549 sigillo
1272 3489 1422 3551 personae
1447 3473 1480 3536 in
1509 3471 1658 3548 dignitate
1685 3470 1887 3534 ecclesiastica

103 3527 269 3576 mmm
343 3571 449 3645 tuerit,
466 3570 581 3634 brachii
599 3557 762 3633 saecularis
775 3568 928 3630 auxilium
943 3569 1088 3631 invocare
1141 3567 1328 3629 constitutae
1354 3566 1503 3640 munitis,
1532 3566 1637 3627 eadem
1666 3565 1741 3626 fides
1762 3580 1887 3642 diffisus

343 3681 407 3728 non
427 3659 686 3742 praetermittant.
1141 3659 1334 3734 adhibeatur,
1359 3673 1438 3737 quae
1468 3657 1542 3736 ipsis
1565 3656 1767 3734 originalibus
1790 3656 1888 3720 literis

131 3772 253 3820 ronrtnx
270 3771 277 3817 ι
297 3782 324 3818 so
383 3759 402 3834 ἓ
422 3758 452 3822 8.
475 3757 557 3832 Quae
578 3757 681 3818 omnia
702 3763 733 3818 et
754 3756 876 3833 singula
898 3771 963 3817 non
984 3753 1085 3816 solum
1141 3751 1350 3826 adhiberetur,
1373 3751 1398 3812 si
1419 3751 1523 3813 torent
1543 3749 1699 3812 exhibitae
1718 3749 1768 3811 vel
1783 3758 1886 3813 osten·

105 3823 358 3936 ffrffi'ssff'g292ssssa
381 3852 469 3914 nobis
490 3850 701 3929 approbantur
722 3858 753 3912 et
773 3850 1013 3922 confirmantur,
1029 3848 1086 3910 eis·
1140 3859 1201 3905 sae.

106 3931 325 4032 ssfflfflmfflss‘ffi
341 3945 476 4024 demone
490 3943 699 4007 ecclesiasticis
710 3941 922 4021 superioribus
943 3943 1087 4018 respecti·
1181 3939 1200 4014 ἓ
1224 3936 1271 4003 to.
1294 3935 1379 4000 Nulli
1404 3953 1480 4016 crgo
1507 3937 1637 4000 omnino
1664 3936 1829 3999 hominum
1851 3937 1886 3998 li·
1931 3945 2043 3994 sancus.

106 4038 221 4139 inpegi,
242 3995 272 4086 ef
288 4047 325 4084 re
342 4056 381 4102 ve
402 4037 662 4102 commendantur
676 4045 706 4097 et
724 4034 952 4111 iniunguntur3
975 4047 1086 4095 verum
1141 4037 1206 4092 ceat
1229 4033 1307 4093 banc
1328 4031 1472 4110 paginam
1493 4041 1616 4093 nostrae
1632 4031 1884 4106 confirmationis,

106 4101 143 4148 ‘¹¹¹
157 4103 178 4138 η
342 4129 436 4192 etiam
457 4144 513 4191 nos
534 4128 603 4206 ipsi,
616 4141 672 4204 pro
687 4124 868 4204 apostolicae
881 4124 1086 4186 solicitudinis
1140 4124 1364 4199 innovationis,
1386 4125 1623 4203 approbationis,
1647 4123 1884 4199 commissionis,

341 4221 453 4298 obicio,
475 4220 689 4300 praesentibus
718 4219 831 4281 nostris
853 4219 961 4294 literis,
984 4194 1086 4281 catbo·
1143 4219 1360 4294 invocationis,
1389 4220 1614 4297 requisitionis,
1645 4219 1758 4281 decreti
1780 4227 1811 4281 et
1832 4235 1885 4282 vo·

340 4313 473 4376 licorum
505 4313 684 4391 Principum
717 4313 922 4389 omniumque
951 4310 1086 4373 saecula·
1141 4311 1268 4374 luntatis
1289 4311 1475 4389 intringere,
1499 4311 1549 4374 vel
1570 4313 1599 4374 ei
1622 4327 1697 4374 ausu
1722 4313 1885 4375 temerario

339 4408 422 4470 rium
453 4415 642 4486 potestatum
677 4421 768 4484 opem
801 4405 1017 4482 auxiliumque
1048 4407 1083 4466 ad
1140 4403 1306 4464 contraire.
1341 4403 1373 4466 Si
1405 4405 1474 4482 quis
1505 4413 1609 4468 autem
1639 4409 1695 4468 hoc
1734 4412 1885 4467 attentare

338 4500 581 4580 praemissorum
602 4499 748 4562 ellectum
769 4498 961 4572 invocamus,
974 4505 1004 4559 et
1019 4499 1084 4559 eni·
1140 4496 1393 4574 praesumpserit,
1414 4497 1661 4575 indignationem
1683 4498 1884 4577 Omnipoten-

339 4609 377 4654 xo
398 4593 500 4656 studio
521 4591 726 4671 reunirimns3
749 4607 847 4671 quum
865 4593 921 4670 ipsi
937 4590 1083 4670 Su'premi
1139 4591 1179 4652 tis
1194 4591 1247 4653 bei
1268 4607 1301 4652 ac
1321 4591 1481 4652 beatorum
1504 4591 1586 4653 Petri
1604 4599 1635 4652 et
1650 4591 1735 4653 Pauli
1758 4595 1885 4669 Aposto-

339 4685 494 4764 Principes
508 4695 540 4748 et
555 4691 720 4762 potestates
736 4685 825 4748 electi
847 4686 910 4749 sint
924 4704 940 4747 a
955 4688 1016 4749 lleo
1032 4688 1083 4750 de·
1140 4683 1240 4745 lorum
1262 4685 1328 4746 eius
1349 4699 1382 4746 se
1404 4684 1528 4746 noverit
1549 4685 1760 4746 incursurum.
1840 4743 1843 4749 ,

337 4776 476 4840 tonsores
509 4777 596 4853 fidei,
628 4777 834 4856 ecclesiaeque
870 4786 1081 4857 protectores,
1179 4777 1289 4840 Datum
1319 4777 1448 4852 llomae,
1477 4778 1556 4857 apud
1583 4778 1614 4841 S.
1639 4777 1765 4841 blaciam
1793 4779 1885 4842 blato·

339 4869 469 4948 ideoque
489 4885 599 4933 eorum
621 4886 738 4933 munus
758 4871 797 4931 sit
819 4871 936 4934 idoneis
957 4872 1082 4950 quibus·
1138 4885 1217 4946 rem,
1240 4887 1322 4935 anno
1348 4872 1570 4935 incarnationis
1592 4872 1714 4934 Domini
1737 4888 1882 4949 nocent,

338 4977 398 5041 que
420 4961 590 5024 rationibus
611 4961 744 5038 efficere,
768 4971 802 5026 ut
823 4964 995 5043 apostolicis
1010 4981 1082 5028 cona
1135 4981 1190 5034 nv.
1203 4964 1265 5027 kal.
1279 4964 1396 5044 aprilis,
1412 4965 1609 5044 pontificatus
1625 4965 1724 5028 nostri
1740 4982 1821 5028 anno
1838 4983 1882 5028 xx.
