4838 6982
306 605 308 610 .
331 559 384 610 An.
399 560 429 611 G.
452 559 520 610 1754
570 554 628 619 564

550 693 643 757 etiam
674 693 914 770 congregationi
946 693 1161 770 Propagandae
1190 691 1291 766 Fidei,

547 789 623 850 ilum
646 787 744 849 iustae
768 785 926 848 affuissent
948 801 1071 860 causae,
1096 784 1292 862 probabatur,

550 879 694 960 quodque
705 887 870 944 suaserunt
882 880 1019 942 locorum
1031 878 1195 954 Ordinaril,
1209 894 1294 940 nunc

551 988 623 1052 prae
651 975 778 1035 caeteris
809 974 936 1035 modum
965 973 1056 1035 rebus
1085 971 1292 1036 adhibendum

551 1067 774 1130 existimamus.

339 1171 397 1217 roeo
413 1171 533 1216 summus
591 1158 610 1233 ἓ
631 1159 661 1220 3.
684 1161 752 1223 Erit
773 1162 877 1240 itaque
897 1161 1144 1239 uniuscuiusque
1156 1174 1195 1220 ex
1210 1173 1295 1236 prae-

320 1223 534 1340 h’ssi'sioffssffiiffit.
552 1253 640 1316 dictis
662 1255 828 1333 Episcopis,
844 1273 898 1317 sua
915 1256 947 1317 ln
969 1255 1111 1330 dioecesi,
1128 1253 1176 1316 vel
1194 1268 1295 1331 perse

322 1331 535 1440 lgg,j¹','{1{,¹,†,{¹ffi
553 1348 603 1410 vel
624 1365 679 1427 per
699 1349 898 1411 contessarios
918 1358 951 1412 et
971 1350 1142 1412 sacerdotes
1162 1346 1295 1426 pruden-

322 1419 410 1484 sacch
436 1438 534 1492 integra
554 1448 599 1502 les
615 1449 706 1520 atque
727 1451 882 1521 expertes,
906 1443 994 1505 bonis
1008 1450 1044 1504 ut
1065 1441 1212 1518 inquiunt
1227 1455 1296 1500 ver-

324 1491 580 1548 possessorihus·
812 1537 842 1547 Η
953 1535 958 1546 ¹
1027 1535 1032 1546 Ι

323 1545 423 1602 possins
453 1544 536 1589 relin-
554 1536 599 1597 brs
620 1544 713 1613 atque
734 1544 860 1598 monitis
882 1536 1097 1609 alliciendum
1119 1535 1295 1596 detentores

228 1683 233 1700 ι
322 1607 535 1700 ‘ldihhiili‘i
555 1630 708 1692 bonorum
730 1638 837 1692 mente
852 1630 1021 1707 percipiant
1035 1629 1092 1690 sibi
1114 1625 1296 1688 incumben-

554 1731 617 1786 tem
644 1739 752 1785 rerum
780 1721 1002 1800 fructuumque
1028 1723 1294 1784 restituendorum

552 1817 789 1894 obligationem3
813 1816 1068 1890 illacrimabilem,
1083 1816 1114 1878 in
1136 1830 1229 1893 quem
1246 1815 1296 1877 ab·

553 1913 631 1990 repil
652 1918 742 1984 sunt,
772 1919 905 1985 statum,
935 1911 1048 1988 quippe
1080 1909 1131 1986 qui
1159 1909 1297 1971 censuris

554 2005 736 2067 irretiantur
764 2004 889 2066 indietis
911 2021 965 2083 per
990 2019 1089 2064 sacros
1110 2018 1242 2064 canones
1264 2002 1296 2063 in

553 2099 709 2160 invasores
740 2097 978 2176 detentoresque
1011 2097 1165 2158 bonorum
1197 2095 1297 2156 Eccle-

553 2192 625 2254 siae.
659 2191 701 2253 lla
730 2205 804 2251 vero
832 2191 971 2268 siquem,
994 2189 1098 2252 divina
1129 2188 1297 2264 affulgente

555 2285 662 2361 gratia,
686 2283 755 2345 lacti
777 2284 945 2361 poeniteat,
962 2282 1123 2359 negligere
1146 2283 1225 2344 haud
1248 2283 1297 2344 de-

555 2379 605 2440 bet
627 2379 804 2456 Episcopus,
827 2377 922 2454 quire
942 2377 980 2438 ab
1001 2393 1037 2438 eo
1063 2375 1156 2437 luerit
1177 2375 1298 2452 delega-

556 2480 616 2546 ius,
639 2472 715 2550 quin
738 2471 783 2532 illi
805 2469 945 2546 suadeat,
969 2469 1028 2531 nisi
1050 2469 1229 2543 uniuersae,
1253 2469 1296 2530 rei

554 2563 663 2626 saitem
685 2564 813 2626 alicuius
840 2564 1089 2639 restitutionem;
1113 2562 1162 2622 vel
1191 2563 1297 2637 etiam,

556 2665 590 2718 ut
612 2657 714 2718 lundis
735 2656 791 2718 sibi
814 2657 940 2732 habitis,
963 2657 1184 2734 obligationem
1204 2656 1298 2718 susci·

556 2751 618 2832 piat
639 2749 766 2812 alicuius
788 2765 907 2812 annuae
929 2751 1141 2828 praestationis
1155 2751 1299 2813 ecclesiae

557 2843 771 2922 pensitandae3
787 2842 812 2904 si
827 2853 931 2904 autem
947 2842 1116 2905 lundorum
1131 2844 1299 2904 restitutio-

557 2939 602 3014 ni,
625 2953 758 3016 mouque
780 2937 929 3000 indicatae
946 2936 1104 3013 aequitati,
1122 2936 1298 3010 obsistatur,

557 3028 1299 3106 iuncrestitutioomnium,velpartislructuum

556 3130 739 3187 attentetur.
774 3121 892 3184 Verum
915 3121 1035 3200 quoties
1056 3137 1115 3184 nec
1135 3122 1225 3198 desit,
1247 3123 1301 3199 qui

558 3235 595 3280 es
621 3216 831 3280 imbecillitate
861 3217 989 3291 virium,
1017 3215 1067 3278 vel
1095 3231 1133 3276 er
1163 3215 1300 3293 improba

557 3310 718 3371 voluntate
738 3309 783 3371 nil
804 3309 916 3371 horum
939 3315 1093 3387 praestare
1115 3307 1200 3381 velit,
1218 3311 1301 3370 hunc

559 3401 773 3465 tantummodo
785 3417 970 3480 pernoscens
985 3417 1176 3476 sermonem,
1187 3402 1300 3462 haben-

558 3497 587 3558 di
609 3496 761 3558 nimirum
783 3495 876 3556 etlam
898 3495 1113 3574 imposterum,
1137 3496 1217 3574 quod
1234 3495 1301 3556 hac-

560 3599 650 3654 tenus
668 3589 784 3662 habuit,
798 3589 1048 3668 producendique
1060 3590 1092 3652 in
1109 3589 1213 3652 lutura
1227 3606 1301 3667 quo-

558 3701 617 3763 que
638 3690 788 3761 tempora,
811 3699 904 3762 quam
925 3685 1137 3762 superioribus
1154 3687 1300 3760 obtinuit,

559 3778 780 3840 universorum
793 3775 951 3839 fructuum
964 3779 1204 3856 perceptionem
1220 3779 1302 3841 hisce

560 3873 672 3933 nostris
703 3870 799 3932 literis
826 3871 995 3948 unicuique
1026 3871 1173 3951 Episcopo
1204 3873 1300 3950 quoad

558 3979 645 4027 suam
667 3963 830 4024 dioecesim
855 3963 1053 4041 impertimur
1074 3967 1300 4042 auctoritatem,

560 4073 652 4137 quam
668 4067 698 4120 et
719 4057 784 4135 ipse
797 4056 874 4132 aliis,
892 4058 937 4118 uti
950 4059 1143 4136 monuimus,
1159 4060 1302 4136 delegare

561 4154 686 4232 poterit,
702 4149 858 4214 eximendi
873 4151 910 4213 ah
931 4168 1026 4214 onere
1048 4153 1217 4217 lundorum
1239 4155 1302 4217 lcu-

561 4259 730 4327 ctuumqne
758 4245 1024 4312 restituendorum
1051 4246 1227 4311 detentores
1252 4250 1304 4313 bo-

562 4357 673 4408 norum
698 4339 859 4414 Ecclesiae,
883 4342 1068 4420 eosdemque
1089 4342 1266 4406 absolvendi
1287 4362 1302 4404 a

561 4435 710 4509 censuris,
733 4432 845 4511 quibus
866 4433 1072 4510 innodantem
1094 4434 1160 4496 sive
1181 4437 1303 4498 samiis

562 4536 680 4606 agatur,
697 4526 797 4605 quise
819 4533 937 4603 paratos
958 4526 1106 4588 exhibent
1127 4529 1162 4589 ad
1184 4539 1303 4606 partem

562 4624 716 4684 bonorum
728 4619 861 4696 aliquam
872 4619 1094 4682 restituendam
1104 4621 1153 4682 vel
1163 4623 1198 4683 ad
1212 4631 1307 4686 trans·

563 4717 711 4792 igendum
733 4715 770 4776 de
800 4714 851 4789 iis;
873 4713 938 4774 sive
960 4730 1030 4776 cum
1053 4715 1136 4790 aliis,
1159 4718 1212 4796 qui
1234 4721 1305 4781 uni·

562 4823 678 4880 versos,
694 4804 743 4865 vel
758 4803 932 4881 aliquorum
943 4805 1053 4867 saltem
1064 4807 1224 4870 fructuum
1238 4826 1305 4888 par·

564 4910 639 4974 tem,
657 4898 807 4974 ollerunt;
830 4898 896 4958 sive
924 4900 1051 4962 demum
1073 4917 1142 4963 cum
1166 4905 1302 4979 caeteris,

563 4993 674 5074 quibus
696 4994 886 5070 propositum
909 5000 965 5067 est,
982 4995 1060 5056 nihil
1083 4995 1172 5074 plane
1194 4998 1244 5058 uel
1259 5015 1304 5060 re·

564 5105 633 5150 rum
655 5086 712 5148 soli
734 5085 784 5146 vel
806 5085 967 5148 lructuum
993 5088 1167 5150 restituere.
1193 5090 1305 5168 Super·

564 5195 732 5242 vacaneum
761 5186 865 5241 autem
892 5180 1079 5242 arbitramur
1104 5197 1243 5258 monere,
1267 5200 1306 5246 ne

566 5284 669 5336 nostra
685 5275 757 5336 haec
779 5273 905 5336 lacilitas
921 5273 1102 5350 evulgetur3
1127 5275 1205 5335 haud
1221 5277 1304 5337 enirn

565 5367 688 5429 dilllcile
715 5377 804 5444 captu
828 5373 891 5442 est,
920 5369 1026 5428 eadem
1050 5374 1217 5446 perspecta,
1240 5369 1306 5431 fieri

565 5459 707 5538 perlacile
722 5476 820 5537 posse,
834 5467 879 5533 ut,
893 5459 951 5520 nisi
966 5475 1085 5535 omnes,
1099 5461 1237 5539 plerique
1251 5461 1308 5524 sal·

567 5559 630 5614 lem
645 5553 722 5616 nihil
735 5554 826 5632 plane
837 5553 1021 5614 restituendi
1039 5555 1229 5631 propositum
1244 5572 1307 5617 am·

565 5646 749 5724 plectantur,
760 5646 798 5706 de
809 5645 1000 5708 absolutione
1011 5663 1027 5705 a
1038 5647 1220 5710 restituendi
1235 5665 1307 5710 one-

566 5755 599 5801 re
619 5746 650 5800 et
673 5739 810 5801 censuris
831 5739 922 5817 plane
945 5740 1031 5800 certi.

363 5846 430 5899 rapa
444 5853 548 5905 quasa·
605 5835 625 5908 5
646 5833 673 5894 l.
699 5832 807 5893 Nostra
820 5831 1308 5914 haeclacilitasexindeest,quod

337 5895 549 6006 iiiiii&
567 5945 634 6003 nos,
657 5945 715 6006 qua
738 5926 880 5988 Pontifex
907 5927 1074 6003 Summus,
1096 5928 1156 5988 nisi
1178 5928 1307 6004 domini,

1069 569 1132 618 ltili·
1157 573 1246 617 PON'l'·
1273 572 1312 616 DE
1336 573 1363 616 P.
1388 575 1416 618 F.
1442 576 1521 621 PARS
1544 575 1564 620 l.

2124 555 2177 608 An.
2192 556 2223 608 0.
2248 549 2332 604 1754

1348 693 1485 770 supremi
1506 700 1590 756 certe
1610 695 1737 773 quidem
1758 695 1853 759 simus
1876 695 2092 774 temporalium
2111 703 2188 800 grotta
2222 695 2344 798 urgssgg
2417 701 2418 710 ³

1348 788 1501 850 bonorum
1523 788 1668 852 ecclesiae
1689 791 1929 868 dispensatores:
1954 788 2012 852 iles
2036 766 2345 855 nc-si⁵1l³r⁶s¹¹e⁵3ueaaes

1349 882 1464 944 clasiae
1484 891 1562 945 sunt
1578 883 1693 963 Papae,
1711 889 1748 944 ut
1764 883 1956 961 principalis
1971 881 2095 960 dispen-

1349 977 1482 1048 satoris,
1505 995 1568 1039 non
1590 983 1629 1039 ut
1651 977 1772 1038 domini
1786 983 1816 1038 et
1828 978 2025 1054 possessoris,
2047 977 2095 1038 in-

1351 1070 1418 1146 quii
1441 1070 1471 1134 S.
1496 1071 1628 1133 Thomas
1649 1069 1727 1142 2-2,
1751 1088 1802 1148 qu.
1827 1071 1904 1142 100,
1927 1075 1993 1133 act.
2018 1071 2094 1133 1ad

1350 1164 1541 1240 septiman,·
1562 1180 1600 1226 ex
1621 1181 1683 1242 quo
1705 1165 1962 1244 porrosequitur,
1979 1172 2093 1226 utnon

1350 1259 1476 1336 quidem
1498 1258 1546 1320 vel
1568 1259 1604 1320 ad
1625 1258 1765 1320 ditandos
1781 1259 2029 1334 consanguineos
2044 1259 2095 1321 rel

1351 1367 1388 1412 ex
1410 1351 1580 1422 arbitrariis
1600 1351 1697 1414 causis
1721 1349 1764 1412 las
1784 1351 1824 1412 sit
1845 1352 1933 1414 nobis
1954 1352 2094 1414 ecclesias

1350 1445 1414 1506 suis
1437 1447 1554 1507 nudare
1570 1443 1669 1518 bonis,
1681 1453 1710 1508 at
1724 1445 1799 1506 illud
1817 1446 1954 1523 quidem,
1970 1454 2005 1509 nt
2020 1462 2095 1524 quo-

1352 1537 1408 1598 ties
1431 1553 1548 1614 urgens
1569 1537 1779 1612 subsit'ratio,
1795 1538 1892 1616 qualis
1907 1538 2034 1600 indubie
2049 1546 2095 1600 est

1351 1645 1514 1692 removere
1529 1646 1672 1708 praesens
1688 1630 1827 1709 publicae
1842 1631 2021 1694 calamitatis
2036 1631 2094 1692 dis-

1351 1723 1487 1798 crimen,
1516 1724 1649 1795 ostium,
1681 1730 1831 1802 quantum
1861 1724 1893 1786 in
1922 1724 2010 1786 nabis
2031 1731 2093 1798 esi,

1351 1816 1516 1894 apostasiae
1527 1817 1736 1879 intercludere
1751 1823 1782 1878 ei
1798 1818 2018 1880 lluctuantibus
2032 1819 2096 1879 ani·

1352 1910 1410 1971 mis
1431 1910 1595 1972 conciliare
1612 1911 1880 1988 tranquillitatem,
1896 1911 1984 1973 nobis
1996 1911 2095 1987 liceat,

1352 2003 1431 2081 quod
1455 2019 1539 2066 nunc
1561 2003 1702 2074 iacimus,
1726 2005 1891 2082 imperare,
1914 2013 1949 2066 ut
1971 2006 2095 2083 proheta

1351 2096 1423 2157 licet
1446 2096 1644 2158 ecclesiarum
1666 2097 1733 2158 iura
1758 2097 1976 2173 conticescant,
1999 2105 2097 2176 utque

1353 2189 1423 2250 illae
1445 2189 1538 2266 ipsae,
1555 2206 1611 2267 pro
1626 2190 1744 2268 publica
1767 2189 1980 2253 incolumitate
2002 2209 2035 2254 ac
2050 2209 2098 2254 re-

1353 2282 1478 2358 ligionis
1499 2285 1672 2358 commodo,
1685 2283 1868 2345 sacrificium
1886 2285 1971 2361 quasi
1986 2285 2097 2347 iaciant
2136 2277 2158 2344 ἰ

1351 2391 1480 2438 suorum
1504 2375 1675 2450 bonorum,
1699 2391 1777 2454 quae
1798 2391 1862 2437 non
1890 2377 2046 2454 possident
2067 2385 2096 2439 et

1353 2485 1432 2546 quae
1445 2468 1560 2546 publici
1582 2469 1682 2530 luctus
1694 2480 1834 2545 ternpore
1848 2469 1955 2532 iisdem
1969 2470 2097 2534 luerunt

1353 2563 1503 2639 adempta.
1532 2564 1723 2640 Quapropter
1755 2562 1845 2624 dard.
1878 2563 2040 2626 Caietanus
2062 2565 2097 2627 in

1354 2654 1613 2732 praeindicatum
1645 2655 1747 2716 lacuna
1780 2655 1812 2717 S.
1849 2655 1980 2718 Plumae
2008 2665 2098 2720 nata·

1355 2746 1409 2810 tit.
1435 2749 1477 2810 13
1501 2749 1573 2810 hacc
1594 2748 1701 2810 habet:
1732 2747 1810 2811 Cum
1831 2754 1971 2826 potestas
1993 2749 2098 2827 Papae

1354 2841 1457 2919 quoad
1473 2858 1521 2902 ces
1537 2841 1724 2919 ternporales
1737 2841 1895 2904 Ecclesiae
1905 2843 1949 2904 sit
1960 2849 2098 2920 potestus

1355 2949 1418 2993 acon
1440 2934 1574 3006 domitii,
1587 2935 1639 2996 sed
1655 2934 1897 3010 dispensatoris,
1910 2951 2098 3013 consequens

1355 3035 1414 3098 est,
1431 3032 1468 3089 ui
1488 3027 1655 3104 plenitudo
1676 3029 1843 3106 potestatis
1864 3029 1990 3106 papalis
2012 3031 2098 3093 circu

1355 3119 1435 3182 bonu
1458 3121 1617 3182 Ecclesiae
1639 3121 1829 3197 temporalia
1856 3138 1919 3183 raon
1945 3128 2039 3184 eacat
2062 3125 2100 3186 li-

1356 3213 1448 3274 ntitas
1469 3214 1635 3290 potestatis
1658 3213 1892 3290 dispensativae
1909 3222 1970 3276 etc.
1985 3207 2030 3278 'ac
2043 3232 2100 3294 pec

1356 3305 1412 3370 loc
1434 3323 1496 3368 non
1518 3312 1617 3384 potest
1645 3305 1734 3383 Papa
1756 3307 1797 3369 ad
1820 3305 1950 3370 libitum
1982 3308 2100 3371 donare

1356 3416 1404 3460 res
1421 3397 1590 3472 Ecclesiae,
1602 3401 1656 3462 sed
1670 3405 1785 3477 potest,
1804 3407 1966 3479 tamqnam
1984 3401 2099 3466 hahens

1356 3495 1476 3570 apicem
1509 3493 1743 3570 dispensativae
1773 3498 1960 3573 potestatis,
1997 3495 2099 3558 anulio

1357 3588 1428 3664 plus
1451 3586 1486 3648 de
1503 3585 1612 3648 iisdem
1635 3587 1828 3664 dispensare,
1845 3605 1939 3667 qnam
1956 3590 2099 3667 quicum-

1357 3697 1414 3759 que
1435 3680 1605 3758 pcomimus
1631 3679 1774 3744 alicuius
1803 3683 1950 3745 ecclesiae
1975 3685 2100 3762 praelu-

1359 3779 1412 3835 tus
1434 3780 1491 3834 etc.
1526 3775 1576 3838 Ec
1598 3774 1701 3835 eodem
1730 3792 1848 3852 qaoque
1876 3776 2100 3853 fundamento,

1357 3869 1438 3946 quod
1459 3868 1548 3946 Papa
1571 3885 1633 3930 non
1655 3875 1700 3929 est
1723 3869 1881 3940 daminus,
1903 3871 1957 3932 sed
1979 3871 2102 3948 dispen-

1357 3970 1461 4038 sator,
1486 3963 1646 4041 sequitur,
1669 3962 1750 4039 qnod
1771 3963 1807 4022 de
1827 3963 2029 4042 plenitudine
2050 3983 2102 4043 po·

1359 4057 1487 4120 testatis
1516 4073 1579 4116 aion
1608 4056 1707 4133 possit
1729 4054 1810 4118 borea
1836 4059 1985 4122 ecclesiae
2012 4059 2098 4133 dara,

1359 4152 1411 4211 cui
1433 4149 1585 4220 coluerit,
1608 4154 1668 4212 aut
1691 4151 1938 4230 corasanpuiraeis
1959 4159 2017 4214 etc.
2042 4153 2101 4216 Sed

1360 4248 1489 4306 tenetur
1518 4241 1696 4320 prudenter
1723 4242 1916 4321 dispensare,
1948 4255 1985 4308 ut
2013 4252 2100 4310 recta

1359 4337 1446 4398 catio
1467 4335 1592 4397 suadet.
1611 4335 1664 4397 Est
1679 4344 1710 4396 et
1727 4337 1802 4400 illud
1824 4339 1917 4400 etiam
1932 4341 2019 4402 nobis
2034 4357 2101 4420 per·
2176 4347 2334 4392 callensia-

1358 4429 1596 4508 spectisslmum,
1619 4444 1819 4492 communem
1841 4449 1906 4494 esse
1931 4437 2102 4497 canonista·
2120 4411 2186 4499 liii
2209 4411 2334 4515 ἕὲιῗῖῗξῗῖι

1360 4539 1429 4584 rum
1442 4522 1639 4597 sententiam,
1653 4523 1829 4586 Romanum
1841 4527 2022 4590 Pontilicem
2038 4545 2101 4591 non
2121 4511 2333 4607 ffgssffif‘fflffl

1358 4616 1607 4690 distributorem,
1635 4617 1686 4678 sed
1714 4617 1875 4680 dominum
1905 4637 1970 4682 esse
1996 4638 2103 4685 rerum

1359 4710 1521 4772 Ecclesiae.
1539 4711 1578 4771 Αι
1601 4726 1655 4771 nos
1671 4709 1848 4772 huiusmodi
1862 4713 2103 4790 disputationem

1360 4805 1504 4865 intactam
1521 4805 1677 4878 volumus,
1693 4821 1766 4866 curn
1780 4804 1812 4866 in
1828 4821 1894 4866 rem
1909 4815 2103 4884 praesentem

1359 4899 1409 4959 uel
1431 4898 1460 4959 id
1482 4899 1624 4974 subiciat,
1648 4900 1828 4962 Pontificem
1849 4918 2030 4981 supremum
2051 4903 2104 4964 ha·

1360 4991 1425 5054 beri
1447 4992 1705 5070 dispensatorem3
1737 4995 1871 5071 theologi
1899 4997 2011 5073 quippe
2033 5013 2103 5058 cum

1360 5085 1525 5147 canonistis
1563 5087 1784 5163 consentiunt,
1817 5088 1928 5166 Papam
1963 5091 2104 5166 quamuis

1360 5179 1453 5239 etiarn
1477 5180 1690 5241 tantummodo
1709 5180 1740 5240 in
1755 5195 1938 5257 supremum
1960 5182 2105 5244 distribu-

1363 5279 1460 5333 torem
1492 5281 1692 5348 agnoscatur,
1723 5289 1809 5352 posse
1840 5275 1946 5352 utique
1974 5275 2009 5335 ad
2032 5293 2103 5338 mox

1362 5382 1519 5442 expressus
1547 5365 1616 5429 lacti
1637 5368 1883 5430 circumstantias
1909 5372 1946 5430 de
1967 5371 2104 5432 ecclesia-

1364 5475 1433 5520 rum
1456 5460 1548 5521 rebus
1570 5460 1664 5522 libere
1679 5463 1861 5524 ‹slecernerez
1888 5463 2106 5526 concurrente

1365 5553 1453 5616 iusta
1475 5570 1585 5624 causa,
1613 5555 1806 5616 canreniant
1835 5573 1939 5616 astrues
1967 5563 2033 5617 torn
2056 5574 2107 5636 ca·

1363 5649 1519 5720 nocaistac,
1545 5663 1639 5725 palam
1662 5647 1812 5727 theolopi,
1835 5647 1966 5726 Papam,
1980 5650 2032 5710 uli
2053 5668 2107 5712 su-

1364 5755 1506 5819 premum
1529 5741 1827 5802 adneioistrotorarn
1849 5759 1887 5803 aa
1913 5741 2108 5819 dispensato-

1365 5851 1430 5896 rena
1452 5831 1604 5896 bonorum
1627 5833 1927 5906 ecclesiasticorum,
1951 5851 2036 5912 posse
2059 5853 2106 5896 res

1365 5929 1424 5991 uni
1435 5927 1582 5989 acclesiae
1602 5929 1746 6006 auferre,
1759 5931 1790 5988 et
1805 5927 1881 5990 dare
1896 5927 2010 5990 alteri:
2033 5935 2107 5991 sunt
