4820 6980
959 575 1155 620 BENEDIGTUS
1177 576 1240 620 xlv.

328 686 437 764 iuquit
460 685 716 765 Gltrpsostomus‚
746 691 923 754 senectutis
950 699 1074 756 susten·

330 781 414 842 tatio
445 787 501 842 cst.
536 781 735 861 Quapropter
766 785 917 856 diacrim,
947 802 980 848 co
1010 801 1075 863 spc-

329 878 431 934 ctassc
455 873 661 947 Salomonem,
679 883 718 939 ut
739 878 789 940 lois
808 876 911 940 uerbis
925 879 1072 950 suadeat,

327 966 517 1042 sapientiae,
547 969 594 1030 acl
621 973 813 1046 prudentiae
840 971 992 1049 propriae
1011 987 1074 1032 non

328 1058 440 1121 inniti.
465 1061 557 1134 Nam,
574 1063 604 1124 si
622 1065 678 1142 qui
690 1071 817 1142 possent
833 1069 918 1126 certo
931 1061 1075 1142 propriii

235 1221 237 1224 ,
328 1153 474 1216 consiliis
494 1164 525 1218 ct
545 1157 741 1234 prudentiae
752 1157 858 1237 fidere,
876 1158 1017 1222 manime
1030 1174 1074 1218 se·
1093 1197 1096 1204 «

328 1263 382 1308 nes
401 1255 433 1309 ct
454 1251 641 1328 prandami,
663 1256 795 1330 propter
818 1251 1074 1328 cooperimentum

328 1344 360 1401 ot
381 1359 486 1405 canos.
510 1343 568 1407 Ait
587 1361 674 1425 erqo:
695 1361 734 1406 nc
754 1345 957 1423 prudentiae,
981 1344 1075 1422 quasi

329 1433 452 1506 baculo,
476 1437 656 1501 innitaris.-
680 1438 791 1509 idest,
816 1440 946 1502 etiamsi
967 1439 1009 1500 ad
1029 1453 1075 1499 sc·

328 1535 453 1590 nectam
474 1534 757 1606 personaturum
779 1549 856 1610 opas
879 1539 925 1594 est
947 1529 1071 1602 bacula,

327 1638 367 1682 nc
388 1629 468 1684 tunc
489 1625 613 1700 quidem
636 1629 694 1688 tua
709 1625 895 1702 prudentia,
913 1626 1006 1703 quasi
1022 1623 1074 1688 bc·

328 1716 401 1778 culo
423 1719 542 1780 utaris.
578 1719 656 1782 Hinc
677 1731 723 1780 est
749 1722 829 1796 quod
852 1734 908 1780 uos
936 1719 1073 1781 adductis

328 1811 359 1872 in
383 1818 547 1888 utramque
570 1821 689 1890 partem
714 1813 910 1889 argumentis
930 1813 996 1873 sive
1018 1827 1073 1889 pro

327 1905 477 1965 sumenda
497 1904 639 1974 ,ulterius
661 1906 907 1979 communione,
931 1905 996 1966 sive
1018 1921 1073 1982 pro

327 1995 506 2062 celebranda
528 1997 615 2060 Missa
629 2001 764 2062 sedendo
780 1998 997 2073 militantibus,
1014 2007 1074 2060 sta-

328 2089 444 2151 tuimus
467 2092 544 2152 banc
559 2097 696 2153 nostram
709 2091 957 2154 lucubrationem
973 2093 1071 2153 vario·

327 2199 399 2244 rum
420 2183 533 2260 pietate
554 2191 585 2246 et
606 2183 746 2246 doctriua
767 2185 1004 2263 conspicuorum
1026 2186 1072 2245 vi-

326 2290 435 2337 rorum
459 2277 657 2339 trutinationi
678 2277 885 2352 committere,
908 2284 943 2338 ut
964 2293 1073 2339 secun·

327 2371 401 2432 otum
433 2370 560 2432 illorum
589 2369 715 2444 iudicia,
744 2387 822 2448 quae
854 2372 971 2448 agenda
997 2372 1071 2447 sint,

325 2463 561 2526 constituamus.
579 2465 689 2527 Encas
701 2464 824 2543 Sylvius
836 2463 1071 2540 Piccolominus,

327 2565 430 2636 postea
443 2558 515 2620 Pius
526 2559 561 2621 ll.
579 2558 611 2618 in
627 2557 783 2634 pontificia
799 2559 948 2634 dignitate
960 2559 1071 2632 dictus,

327 2654 359 2715 in
381 2652 509 2731 epistola
531 2653 566 2714 ad
592 2651 760 2714 Martinam
788 2653 890 2730 Mayer
918 2653 1072 2730 Mogonti-

326 2748 433 2811 nensis
454 2745 682 2825 brobiepiscopi
698 2746 923 2810 cancellarium
946 2747 1025 2821 data,
1042 2757 1072 2810 et

327 2840 359 2901 in
381 2839 475 2917 ipsius
506 2839 736 2901 commentariis
758 2840 871 2901 Romae
893 2855 1068 2902 uncxxmv.

327 2933 418 3008 edita,
443 2932 655 2994 necessitatem
679 2933 821 3010 expauit,
846 2949 904 3010 qua
929 2933 1071 2996 Pontifex

325 3025 399 3088 alios
420 3024 582 3088 consulere
603 3032 744 3087 tenetur:
769 3025 857 3103 Papa
878 3027 939 3087 etsi
961 3027 1071 3089 doctas

325 3124 357 3181 ct
377 3119 503 3202 sapiens
524 3123 583 3190 cst,
606 3134 670 3196 non
694 3123 799 3180 tamen
821 3125 888 3182 tom
908 3119 999 3184 verbo
1014 3138 1071 3183 suo

324 3214 423 3292 sapit,
447 3228 541 3291 quam
557 3211 690 3282 consilio
711 3213 956 3286 assistentium;
977 3221 1007 3276 ct
1023 3215 1072 3276 de·

326 3307 489 3384 cipcrctur
510 3305 654 3385 forsitan
682 3306 872 3384 aliqnando,
897 3309 963 3370 nisi
985 3317 1072 3370 usta·

326 3405 401 3460 rent
411 3399 476 3460 oiri
491 3400 650 3475 sapientes
665 3400 721 3478 qui
731 3403 837 3464 multa
853 3407 997 3463 nocerent.
1011 3401 1071 3464 Ma·

325 3508 424 3569 gnum
447 3493 534 3554 nobis
557 3493 792 3567 documentum,
809 3495 863 3572 qui
878 3512 936 3558 nec
950 3498 1070 3575 sapten-

326 3588 446 3650 tianae
474 3585 612 3647 doctrina
641 3586 866 3662 praecellimus,
890 3590 922 3649 in
944 3592 1071 3667 negotio

324 3679 505 3759 praesertim
528 3693 583 3740 nos
606 3679 685 3756 ipsos
706 3689 931 3758 concernente,
953 3683 985 3747 in
1009 3701 1070 3764 quo

323 3789 411 3835 amor
437 3773 579 3850 proprius
600 3789 656 3834 nos
686 3774 851 3850 insigniter
875 3779 970 3853 possit
991 3781 1072 3843 deci-

324 3883 397 3946 pere
418 3868 532 3944 absque
553 3865 685 3927 aliorum
706 3867 851 3946 prudenti
872 3871 1010 3933 oonsilio.

557 4051 837 4117 cambuttam

326 4241 478 4304 Satiasnc
501 4239 557 4311 sit,
581 4254 708 4300 sacram
736 4241 994 4304 Contmunioncm
1022 4263 1068 4308 rc·

364 4332 478 4411 cipere,
501 4347 586 4393 mare
609 4331 765 4394 lactentis
787 4351 806 4394 a
828 4334 984 4412 Pontificc
1004 4355 1069 4400 scr-

361 4431 448 4496 octo,
471 4441 514 4487 aa
536 4423 667 4488 Missam
690 4422 848 4487 celebrare
867 4427 1010 4490 cedendo.

361 4628 391 4672 v.
417 4612 458 4674 Ut
471 4610 638 4673 ordinatim
651 4612 864 4688 procedamus,
877 4629 1070 4693 exponemus

323 4707 424 4785 primo
444 4705 511 4766 loeo
533 4719 611 4781 quae
632 4704 840 4781 recipiendam
862 4721 955 4782 porro
977 4709 1069 4772 Com-

323 4799 508 4862 munionem
522 4803 728 4871 concernunt,
739 4797 848 4858 omissa
863 4799 1070 4864 celebratione

322 4892 458 4954 Missaea
475 4891 603 4951 sedente
625 4889 820 4966 perficienda,
843 4891 916 4954 inde
937 4896 1068 4969 gradum

322 4983 433 5046 tacturi
455 4982 489 5043 ad
512 4988 633 5060 partem
654 4981 795 5057 alteram,
822 4999 901 5060 quae
921 4986 1069 5052 Commu·

322 5077 425 5140 utonis
447 5075 512 5137 loco
528 5074 650 5137 Missam
665 5091 680 5134 a
695 5078 822 5137 sedente
837 5075 986 5141 celebrari
1001 5097 1068 5159 per-

322 5171 431 5232 mittit.

362 5278 404 5323 vt.
429 5262 521 5323 Docet
549 5259 579 5322 S.
604 5259 734 5324 'ihomas
758 5261 837 5332 2-2,
867 5270 988 5341 quaest.
1013 5266 1065 5336 93,

321 5359 388 5417 art.
414 5359 431 5416 1
466 5354 506 5416 ad
534 5354 725 5416 secundum:
748 5355 845 5418 iustos
866 5366 938 5419 aute
967 5359 1067 5435 legem

322 5446 464 5509 interiori
490 5445 635 5524 quopiam
662 5447 811 5510 instinctu
840 5449 981 5512 didicisse
1002 5466 1068 5512 mo·

321 5541 396 5602 dum
419 5539 518 5602 Deum
531 5538 665 5613 colendi,
680 5555 775 5616 quem
789 5540 841 5601 alii
863 5558 986 5620 qnoque
1001 5542 1066 5604 lue-

321 5632 385 5694 rint
397 5632 525 5693 imitati:
538 5635 615 5694 ante
627 5638 751 5709 tempas
763 5631 840 5714 lepis
857 5635 937 5696 insti
948 5651 1006 5712 per
1018 5638 1068 5698 in-

323 5724 471 5786 teriorem
485 5724 680 5806 instinctum
692 5724 943 5789 instruebantur
956 5730 992 5791 dc
1004 5745 1066 5790 mo·

322 5816 361 5879 do
376 5815 496 5879 colendi
519 5817 631 5887 Deum,
653 5833 729 5895 quos
754 5817 815 5880 alii
837 5818 1062 5896 sequebantur.

322 5909 379 5970 Per
400 5909 503 5985 legem
525 5925 598 5972 vero
616 5911 814 5988 postmodum
830 5911 954 5974 inducta
970 5913 1065 5978 luisse

431 6054 482 6098 tur.
496 6051 568 6098 'Pant
584 6053 615 6099 dc
630 6054 703 6114 Prap.
720 6053 782 6100 Fide
797 6055 878 6101 Partis
892 6058 910 6101 l.
926 6055 980 6103 vol.
997 6059 1039 6103 lli.

1130 702 1288 772 praecepta
1302 703 1443 772 externa,
1460 696 1573 775 quibus
1588 696 1623 757 ad
1638 712 1672 758 ea
1688 693 1873 774 perficienda

1129 793 1159 848 et
1182 786 1417 852 instruebantur
1432 795 1462 852 et
1482 789 1755 867 obstringebantur
1776 787 1874 849 loomi-

1130 893 1201 940 nes:
1226 881 1424 956 postmodum
1445 898 1517 943 ocra
1547 879 1762 944 celerioribus
1784 895 1874 956 prae-

1129 973 1239 1049 ceptis,
1263 975 1365 1051 pergit
1385 975 1544 1051 angelicus
1565 977 1688 1050 Ductor,
1711 976 1799 1036 circa
1817 972 1875 1035 boc

1130 1062 1272 1125 domines
1291 1072 1371 1128 sant
1399 1068 1571 1139 instructi,
1597 1083 1676 1146 quac
1698 1067 1874 1144 praeterire

1128 1156 1317 1237 pestiferum
1338 1164 1394 1220 cst.

1167 1266 1223 1311 vu.
1245 1251 1397 1329 abrogato
1411 1256 1608 1331 postmodum
1624 1271 1679 1332 per
1696 1253 1808 1318 Christi
1824 1255 1874 1314 ad-

1129 1351 1260 1407 veutum
1282 1345 1427 1408 Mosaicae
1447 1346 1538 1424 Legis
1559 1347 1765 1422 observantia,
1784 1354 1815 1408 et
1836 1347 1873 1408 E-

1129 1437 1272 1512 vaugelio
1295 1441 1503 1517 promulgato,
1526 1458 1590 1504 nou
1616 1441 1743 1520 quidem
1765 1456 1873 1502 omnes

1127 1529 1206 1591 ritus
1221 1533 1256 1592 ad
1279 1531 1550 1596 sacramentorum
1573 1535 1873 1596 administrationem

1129 1621 1297 1702 Missaeque
1334 1625 1575 1689 celebrationem
1609 1628 1802 1706 pertinentes
1836 1626 1873 1686 ab

1128 1716 1281 1793 apostolis
1302 1717 1390 1781 luere
1411 1721 1559 1795 instituti,
1575 1722 1627 1783 sed
1650 1735 1760 1782 eorum
1782 1718 1874 1796 plori-

1127 1823 1188 1885 que
1213 1809 1251 1870 ab
1278 1811 1403 1873 ecclesia
1435 1815 1630 1892 praescripti,
1659 1814 1739 1891 quod
1768 1819 1872 1873 tamen

1128 1900 1257 1962 minime
1279 1903 1412 1979 evincit,
1435 1906 1511 1983 quin
1533 1921 1642 1968 omncs
1664 1907 1698 1968 ad
1724 1905 1873 1967 amussim

1126 1993 1188 2054 sint
1204 1994 1398 2059 observandi.
1416 1998 1540 2061 Saurea
1563 2005 1637 2060 lom.
1650 2000 1682 2070 3,
1698 1999 1767 2062 in3
1783 2003 1869 2076 part.

1127 2084 1165 2146 a.
1185 2085 1328 2160 Tbomac,
1345 2097 1465 2168 quaest.
1480 2095 1538 2164 83,
1557 2097 1622 2155 art.
1636 2093 1666 2166 5,
1682 2092 1802 2170 disput.
1814 2090 1871 2160 84,

1126 2187 1202 2242 scot.
1228 2185 1259 2250 1,
1285 2191 1350 2260 post
1371 2183 1463 2245 relata
1486 2184 1517 2249 S.
1542 2186 1625 2247 Pauli
1647 2185 1783 2263 Apostoli
1804 2200 1873 2246 ver·

1128 2273 1164 2335 ba
1187 2277 1205 2334 1
1230 2274 1270 2336 ad
1298 2275 1446 2339 Cariati.
1480 2279 1533 2347 14,
1564 2279 1670 2341 omnia
1698 2277 1872 2340 secundum

1127 2367 1270 2429 ordinem
1299 2370 1380 2448 fiant
1403 2371 1436 2431 in
1458 2369 1563 2434 vabts:
1591 2372 1710 2451 inquit,
1738 2370 1872 2432 adactam

1126 2459 1221 2522 luisse
1232 2461 1398 2524 Ecclesiam
1414 2466 1449 2524 ad
1461 2464 1714 2526 constituendum
1729 2465 1872 2526 ordinem

1125 2553 1267 2614 stabilem
1289 2556 1367 2616 circa
1390 2572 1438 2616 res
1452 2557 1545 2618 etiam
1568 2556 1791 2618 minutissimas
1806 2571 1872 2634 spe-

1126 2653 1244 2708 ctantes
1259 2646 1292 2707 ad
1310 2648 1405 2709 ritum
1424 2648 1660 2710 administrandi
1676 2649 1873 2712 Sacramenta

1125 2747 1157 2800 et
1178 2739 1284 2802 Missae
1306 2740 1521 2803 celetuandae:
1545 2747 1576 2802 ct
1599 2740 1666 2802 ideo
1691 2729 1872 2818 oportct'in

1127 2831 1177 2893 bis
1200 2831 1357 2906 carnibus,
1374 2836 1472 2896 etiam
1487 2835 1731 2904 eminentissimis,
1748 2841 1871 2896 certum

1127 2925 1270 2988 ordinem
1286 2926 1325 2990 ab
1341 2925 1483 2990 Ecclesia
1499 2927 1674 2989 constitui:
1697 2929 1721 2987 si
1738 2941 1871 3005 namque

1126 3019 1276 3098 cuiusque
1291 3020 1453 3095 arbitratui
1469 3021 1498 3083 id
1513 3019 1607 3082 luisse
1622 3021 1778 3094 relictum,
1791 3021 1873 3082 mul-

1129 3117 1162 3174 ta
1185 3111 1330 3173 indecore
1351 3119 1381 3174 ct
1404 3113 1625 3191 imprudenter
1645 3114 1774 3192 fierent.-
1796 3111 1872 3191 quid

1126 3206 1207 3282 quod
1230 3197 1338 3267 eadem
1359 3208 1437 3283 apud
1463 3222 1572 3267 omnes
1595 3206 1712 3267 rituum
1731 3205 1820 3268 ratio
1842 3212 1872 3267 et

1128 3297 1279 3360 Ecclesiae
1300 3299 1454 3360 unitatem
1486 3297 1683 3361 commendet
1711 3305 1742 3360 et
1769 3299 1872 3360 inten-

1129 3399 1189 3452 tam
1218 3400 1376 3470 pastorum
1404 3391 1666 3454 sollicitudinem?
1691 3391 1773 3453 llaec
1799 3389 1874 3474 uni-

1126 3484 1289 3564 ferocitas,
1310 3499 1389 3562 quae
1411 3484 1446 3544 in
1468 3483 1518 3544 itis
1541 3482 1686 3546 omnibus
1707 3488 1870 3554 seruatur,

1126 3575 1168 3639 ad
1202 3577 1398 3654 splendorem
1434 3575 1527 3654 officii
1563 3577 1771 3640 ecclesiastici
1807 3593 1873 3654 spe·

1126 3676 1195 3733 ctat
1224 3675 1255 3730 ct
1283 3669 1444 3731 unitatem
1475 3668 1634 3732 Ecclesiae
1662 3671 1870 3742 commendat,

1126 3765 1156 3822 et
1186 3769 1355 3838 pastorum
1386 3761 1455 3823 eius
1477 3775 1589 3823 caram
1621 3779 1658 3822 ac
1679 3760 1872 3824 sollicitudi-

1126 3871 1206 3916 nom.

1166 3963 1236 4008 vvu.
1253 3948 1314 4010 lam
1331 3961 1418 4022 vero,
1436 3954 1470 4009 ut
1484 3949 1520 4008 ad
1536 3948 1682 4010 materiae
1699 3949 1788 4011 nobis
1804 3966 1872 4026 pro-

1126 4041 1241 4120 positae
1261 4037 1394 4103 tundum
1416 4041 1577 4103 mittamus
1602 4041 1748 4117 bolidem,
1778 4057 1871 4119 geue·

1124 4134 1204 4195 ratos
1215 4133 1351 4210 regulae,
1365 4149 1439 4212 quas
1454 4134 1591 4196 rubricas
1606 4135 1725 4210 dieunt,
1742 4135 1872 4198 Romani

1127 4228 1255 4291 Missalis
1281 4225 1342 4288 Tit.
1362 4223 1406 4288 1⁷
1427 4235 1534 4290 vetant
1554 4229 1723 4292 sessionem
1745 4230 1778 4292 in
1801 4232 1873 4291 mis-

1125 4323 1165 4383 sis
1186 4321 1327 4399 privatis,
1342 4336 1435 4398 quam
1458 4329 1561 4383 tamen
1581 4324 1755 4385 concedunt
1777 4325 1810 4386 in
1825 4339 1871 4385 so-

1126 4413 1293 4489 lemnibus,
1316 4413 1392 4474 dum
1416 4414 1523 4490 llyric,
1549 4413 1662 4476 Gloria
1683 4424 1714 4476 et
1737 4416 1871 4479 Credon

1125 4507 1219 4568 obora
1241 4507 1431 4566 decantatur.
1455 4505 1676 4568 Tridentiuum
1697 4523 1770 4568 vero
1792 4509 1873 4571 Cou-

1125 4599 1232 4660 cilium
1257 4598 1336 4660 Scss.
1354 4593 1386 4668 7,
1404 4595 1671 4660 chacramcntis
1693 4599 1728 4660 in
1749 4616 1869 4680 penore,

1125 4708 1196 4754 can.
1216 4694 1270 4760 13,
1288 4707 1414 4753 omnem
1434 4691 1752 4771 quantulamcumque
1773 4703 1871 4756 muta-

1126 4787 1242 4848 tionem
1263 4786 1383 4848 rituum
1398 4786 1553 4864 probibet,
1569 4797 1600 4848 et
1619 4785 1650 4849 S.
1668 4788 1710 4848 Pii
1731 4787 1764 4848 V.
1783 4788 1871 4850 Bulla

1125 4881 1236 4942 Missali
1258 4879 1391 4957 praelum
1414 4880 1607 4941 rubricarum
1622 4880 1870 4942 observationem

1125 4975 1222 5052 exigit
1236 4972 1458 5034 omnimodam.
1485 4973 1530 5034 En
1546 4973 1659 5052 quibus
1674 4977 1870 5052 perspicuum

1125 5067 1261 5140 videtur,
1277 5067 1371 5144 quod,
1387 5066 1497 5144 siquis
1518 5067 1577 5128 alio
1599 5069 1701 5142 modo,
1718 5083 1808 5146 quam
1824 5085 1872 5131 se-

1125 5160 1226 5222 dendo
1247 5158 1402 5221 celebrare
1423 5160 1545 5222 Missam
1561 5169 1705 5240 nequeat,
1722 5161 1870 5226 Commu·

1124 5253 1218 5314 nione
1239 5258 1397 5321 laicorum
1418 5268 1503 5316 more
1524 5261 1691 5318 contentus
1708 5273 1723 5317 a
1738 5256 1871 5319 celebra·

1124 5353 1212 5414 tione
1234 5354 1388 5415 abstinere
1411 5359 1567 5415 teneatur.

1164 5463 1208 5509 rx.
1231 5448 1310 5521 Quid
1332 5463 1417 5522 vero,
1433 5449 1529 5527 siquis
1544 5448 1578 5508 ad
1594 5449 1783 5514 sedentariae
1799 5452 1872 5514 mis·

1122 5561 1173 5606 sae
1183 5544 1423 5606 celebrationem
1435 5545 1648 5623 dispensatori
1660 5546 1787 5622 Verum,
1800 5563 1871 5610 oum

1123 5638 1263 5700 rubricae
1283 5639 1450 5699 sessionem
1473 5638 1668 5716 prohibeant,
1681 5639 1804 5702 videtur
1821 5640 1870 5703 illa

1122 5729 1359 5792 irreverentiam
1382 5730 1556 5805 continere,
1573 5747 1651 5808 quae
1672 5732 1871 5810 dispensatio-

1123 5822 1170 5884 nis
1192 5825 1329 5886 remedio
1345 5839 1409 5884 non
1432 5822 1562 5886 tollitur.
1586 5825 1775 5903 ‘lbeopbilus
1792 5827 1872 5906 Ray-

1122 5915 1242 5978 naudus
1263 5915 1295 5976 iu
1317 5931 1410 5994 opere
1435 5915 1601 5995 inscripto:
1628 5919 1762 5980 Sacrum
1785 5917 1871 5981 cliri-

1737 6066 1765 6108 99

1797 555 1854 618 785
1905 559 2004 614 nnc.
2024 561 2095 614 msa
