4744 6976
27 449 29 494 l

78 573 143 632 nc.
161 566 220 618 ιιιιι

90 721 144 764 tanc
152 722 231 776 proce·
289 703 308 777 fi

69 773 232 820 hodunocon-

69 825 147 872 :ciendis
175 829 231 875 pro-

68 880 143 924 motus
164 881 231 932 super

27 959 29 984 r
69 930 229 980 tanasanrtna-

27 1019 28 1034 ι
70 999 88 1034 :u

27 3567 28 3570 Ἴ
86 3513 127 3565 quid
139 3516 223 3568 potissi·

66 3579 107 3610 nun
116 3567 221 3627 observari

67 3624 135 3665 ιιιιιιιι.

884 581 1079 625 nnnunlcd‘us
1103 581 1165 624 xlv.

250 815 321 876 pere
343 798 500 876 expositis,
523 812 601 874 quae
623 811 686 857 non
709 794 854 873 equidem
876 796 996 859 anobis
1022 781 1025 875 l

248 892 401 964 conditae,
424 899 477 952 aut
498 890 636 968 primum
658 891 860 966 excogitatae,
883 903 995 951 verum
1022 948 1024 956 .

248 1001 285 1048 ex
307 985 461 1064 praefatae
484 983 740 1060 congregationis
755 982 913 1060 disciplina
935 981 995 1044 col-

249 1079 344 1140 lectae
367 1087 397 1140 et
419 1080 451 1140 in
473 1079 605 1140 aliorum
627 1093 719 1138 nsum
741 1076 906 1152 productae
929 1078 997 1140 fue·
1022 1099 1023 1147 t

247 1179 334 1246 runt,
347 1172 419 1235 satis
434 1173 596 1249 agnovisse
611 1173 724 1250 poterit
739 1169 915 1234 fraternitas
930 1180 993 1247 tua,
1022 1157 1023 1186 ¹

247 1266 425 1328 huiusmodi
447 1265 545 1328 causis
567 1265 693 1328 initium
716 1265 784 1328 lieri
799 1283 813 1326 a
829 1265 996 1327 conficien-

245 1360 291 1420 dis
312 1358 505 1437 processibus
526 1359 647 1437 propria
669 1365 701 1420 et
718 1359 870 1422 ordinaria
891 1366 995 1421 aucto-

247 1455 337 1514 ritate
360 1453 597 1530 Episcoporum,
627 1453 694 1514 sive
714 1453 847 1516 aliorum
873 1455 994 1517 ordina-

246 1545 367 1608 riorum
385 1545 574 1624 praesulum.
595 1547 647 1608 llis
661 1555 762 1608 tamen
779 1547 909 1608 minime
926 1564 994 1626 pro-

246 1639 418 1716 perandum
441 1656 507 1702 esse
530 1641 562 1703 in
574 1640 785 1704 demandanda
800 1640 994 1704 confectione

245 1734 424 1796 huiusmodi
446 1751 661 1814 processuum3
693 1736 744 1798 sed
767 1737 993 1814 expectandum

244 1843 311 1888 esse
338 1845 514 1906 congruum
546 1831 693 1908 temporis
726 1829 928 1891 intervallum
956 1831 994 1893 ab

244 1919 331 1982 obitu
347 1921 429 1984 illius
444 1923 498 1984 Dei
514 1924 598 1986 servi
614 1923 680 1985 sive
698 1924 835 1997 ancillae,
850 1922 887 1985 de
906 1925 992 1986 ouius

245 2011 402 2076 virtutum
423 2022 476 2099 aut
491 2017 714 2079 miraculorum
735 2018 813 2079 fama
833 2017 993 2096 inquiren-

244 2109 318 2168 dum
341 2109 476 2171 sihiesse
497 2110 658 2186 duxerint3
682 2125 783 2188 neque
801 2127 874 2173 vero
888 2114 991 2174 admo*-

245 2202 377 2286 vendam
401 2219 467 2264 esse
488 2205 573 2280 operi
602 2219 750 2278 manum,
775 2206 834 2266 nisi
857 2221 991 2283 praeces-

243 2294 318 2355 serit
340 2311 415 2356 vera
437 2303 467 2356 et
489 2295 625 2370 legitima
649 2297 727 2359 fama
749 2299 876 2360 virtutis
890 2300 991 2362 heroi·

243 2403 295 2447 cae
315 2397 370 2450 aut
391 2387 531 2450 miraculi
554 2391 589 2450 ad
612 2389 695 2452 illius
717 2391 798 2452 servi
819 2392 872 2453 Dei
895 2393 990 2454 inter·

243 2483 415 2544 cessionem
433 2481 500 2542 sive
514 2483 753 2558 invocationem,
767 2500 781 2545 a
795 2486 855 2548 Deo
868 2488 989 2564 patrati;

244 2575 323 2636 nihil
356 2574 442 2636 enim
474 2575 669 2653 frequentius
699 2594 779 2652 esse,
808 2595 901 2656 quam
923 2588 991 2656 post

245 2676 377 2731 mortem
399 2668 528 2731 alicuius
551 2668 649 2730 tidelis
672 2670 743 2745 viri,
762 2678 814 2732 ant
836 2671 988 2748 mulieris,

244 2777 391 2838 magnam
412 2763 581 2824 sanctitatis
604 2764 655 2824 vel
678 2763 899 2826 miraculorum
927 2765 990 2844 opi-

244 2857 370 2917 nionem
394 2856 427 2916 in
451 2856 562 2934 populo
584 2857 671 2931 oriri,
695 2873 728 2918 ac
750 2857 943 2936 potissimum
965 2861 989 2920 si

242 2951 279 3008 ab
299 2948 454 3026 aliquibus
475 2950 511 3010 de
536 2949 685 3014 industria
705 2967 815 3012 rumor
836 2950 988 3030 inventum

241 3057 322 3117 quae
345 3050 448 3104 tamen
464 3043 579 3120 opinio,
596 3044 655 3104 nisi
672 3045 802 3106 veritate
816 3045 921 3106 innixa
937 3047 988 3121 sit,

244 3132 293 3194 rel
314 3135 381 3212 ipso
403 3137 550 3214 temporis
573 3137 659 3215 lapsu
676 3137 877 3213 languescere
898 3145 929 3201 et
945 3139 990 3200 in·

243 3227 338 3287 terina
366 3228 429 3303 vel,
452 3230 572 3291 etiamsi
593 3230 759 3292 hominum
781 3231 916 3294 artificiis
936 3233 989 3294 ali·

241 3321 392 3396 quamdiu
413 3323 580 3384 sustentari
601 3331 719 3400 pergat,
732 3325 901 3402 perspicuis
922 3332 989 3388 tan-

242 3414 313 3474 dem
336 3415 460 3477 divinae
480 3418 646 3494 sapientiae
668 3417 803 3478 consiliis
825 3418 942 3480 destrui
958 3427 988 3481 et

241 3506 392 3569 confundi
412 3511 584 3572 consucvit.
609 3511 645 3572 ln
665 3511 863 3573 conficiendis
884 3520 988 3574 autem

242 3601 419 3665 huiusmodi
442 3605 645 3680 processibus,
668 3604 831 3683 praecipue
852 3605 990 3668 conside-

241 3697 374 3757 randum
397 3711 462 3758 csse
485 3705 660 3759 extremum
684 3699 793 3760 mortis
808 3699 986 3776 articulum,

241 3787 273 3848 in
295 3803 359 3866 qno
387 3789 446 3851 nisi
469 3791 583 3870 aliquid
617 3792 739 3854 illustre
767 3801 799 3854 et
826 3793 989 3855 sanctitate

240 3882 443 3960 conspicuum
465 3899 497 3943 se
526 3885 695 3959 obtulerit,
718 3885 856 3963 reliquae
881 3901 988 3948 omnes

239 3973 460 4052 inquisitiones
479 3993 725 4055 supervacaneae
741 3984 915 4040 remanent.
932 3979 987 4040 lle-

240 4068 347 4146 nique,
364 4068 448 4132 ubia
471 4071 632 4146 Defuncto,
656 4071 704 4132 vel
728 4072 792 4150 ipso
814 4071 942 4133 iubente
957 4079 987 4134 et

241 4164 402 4240 probante,
416 4166 453 4226 ab
475 4166 534 4226 alio
552 4165 690 4242 quolibet
707 4165 820 4243 aliquid
836 4165 986 4242 scriptum

239 4260 351 4336 fuerit;
375 4276 415 4321 ne
436 4259 468 4320 in
497 4259 640 4336 praefatis
667 4258 889 4320 concinnandis
916 4273 986 4336 pro·

239 4355 373 4416 cassibus
402 4354 557 4415 inutiliter
589 4359 712 4430 tempus
741 4367 916 4429 aurumque
938 4352 987 4411 in·

238 4455 398 4520 sumatur,
428 4455 500 4506 ante
529 4445 634 4506 omnia
655 4443 690 4504 ad
717 4445 869 4506 trutinam
896 4459 984 4505 revu-

239 4539 335 4602 canda
356 4555 425 4600 esse
439 4539 617 4600 huiusmodi
637 4538 759 4615 scripta,
775 4555 808 4599 ac
820 4537 986 4614 diligenter

240 4632 504 4709 investigandum,
520 4649 558 4694 an
581 4630 694 4710 aliquid
718 4639 824 4692 contra
847 4630 917 4692 fudei
933 4645 985 4689 ve-

240 4725 364 4787 ritatem
391 4733 444 4788 ant
477 4733 585 4788 contra
621 4740 745 4787 morum
770 4724 984 4800 integritatem

239 4820 432 4893 contineant,
448 4818 497 4880 vel
515 4817 612 4880 ullam
633 4818 817 4894 peregrinae
831 4816 985 4878 doctrinae

240 4912 411 4973 novitatem
434 4929 450 4972 a
475 4911 633 4972 communi
662 4910 813 4972 Ecclesiae
840 4926 933 4972 sensu
954 4916 986 4971 et

239 5004 464 5066 consuetudine
486 5003 618 5064 alienam
639 5003 816 5066 exhibeant.

278 5100 297 5173 ἓ
319 5099 348 5160 6.
373 5099 467 5159 Porro
482 5097 669 5160 fraternitati
686 5105 755 5158 tuae
769 5097 802 5157 in
818 5111 985 5174 procuran-

240 5193 274 5254 da
287 5207 444 5270 processus
456 5192 490 5252 ad
503 5207 558 5252 nos
571 5190 743 5252 transmissi
754 5188 983 5266 compilatione,

241 5300 302 5344 non
324 5285 353 5346 id
374 5284 566 5363 propositum
581 5284 676 5346 fuisse
691 5293 846 5361 putamus,
856 5289 898 5342 nt
913 5297 984 5344 cau-

239 5377 985 5452 samBeatifrcationissororisCresoentiaequan-

239 5469 413 5548 documque
423 5472 667 5548 promovendam
680 5471 824 5532 inchoare
837 5469 981 5532 volueris.

241 5562 402 5637 Novimus,
415 5563 613 5643 p'otissimum
625 5563 834 5642 inquisitionis
847 5572 985 5640 peractae

240 5673 365 5735 scopum
392 5657 505 5731 fuisse,
529 5665 564 5719 ot
586 5659 623 5719 de
652 5657 794 5718 monialis
822 5655 985 5718 defunctae

241 5751 377 5813 moribus
399 5751 566 5813 instructos
588 5767 643 5811 nos
665 5749 809 5812 redderes
831 5757 872 5821 et,
888 5765 926 5810 an
943 5749 983 5810 al-

241 5843 367 5906 lectatae
396 5843 569 5906 sanctitatis
595 5851 701 5906 notam
727 5843 897 5918 meruerit,
928 5858 984 5904 nos

241 5939 392 6001 edoceres.
410 5937 481 6012 Sed,
497 5939 646 6014 quoniam
667 5936 754 6000 facile
767 5937 895 5998 evenire
917 5952 984 6015 pos-

328 701 358 762 5.
383 700 575 766 inhaerendo
598 702 700 778 itaque
721 701 838 775 regulis
859 702 892 764 in
913 717 949 762 eo
964 719 997 764 o·
1023 695 1026 775 I

1052 708 1110 776 set,
1134 709 1178 775 ul,
1202 700 1343 763 fervente
1369 700 1470 762 adhuc
1489 697 1628 777 plurium
1650 697 1700 776 pio
1725 713 1798 774 erga

1053 795 1138 856 illam
1159 794 1287 868 aflectu,
1310 795 1403 856 enixe
1425 808 1441 853 a
1463 799 1494 854 te
1521 791 1740 870 postularetur,
1764 801 1798 857 ιιι

1051 888 1249 951 conficiendis
1261 887 1452 967 processibus
1474 886 1601 949 initium
1623 887 1730 964 derat;
1754 885 1798 947 id·

1051 981 1132 1044 circo
1154 998 1217 1044 non
1244 983 1492 1061 inopportunum
1520 979 1683 1056 duximus,
1711 996 1797 1058 prae·

1052 1075 1143 1136 missa
1164 1078 1268 1138 omnia
1292 1077 1347 1140 tibi
1367 1077 1399 1137 in
1428 1073 1614 1136 memoriam
1636 1089 1796 1148 revocare,

1052 1169 1261 1249 tutioremque
1292 1169 1403 1248 agendi
1435 1169 1588 1230 rationem
1616 1168 1719 1246 paucis
1750 1168 1797 1230 in·

1051 1279 1165 1340 nuere;
1188 1280 1288 1343 quum
1316 1261 1524 1325 necessarium
1552 1262 1681 1324 omnino
1707 1269 1799 1339 pute·

1051 1375 1131 1434 mus,
1165 1373 1219 1437 per
1250 1357 1372 1438 aliquod
1406 1356 1552 1435 temporis
1584 1355 1718 1433 spatium
1747 1355 1797 1416 in-

1050 1453 1232 1530 quisitiones
1263 1453 1397 1528 differri,
1426 1461 1518 1530 atque
1540 1449 1665 1511 interim
1692 1448 1795 1510 obser-

1050 1546 1130 1622 vari,
1163 1563 1225 1624 quo
1255 1563 1305 1609 res
1327 1545 1449 1621 evadam
1482 1559 1520 1606 an
1550 1541 1674 1604 nullum
1706 1557 1794 1621 appa·

1050 1648 1115 1703 reat
1151 1643 1271 1704 artificii
1305 1642 1522 1718 humanaeque
1560 1637 1796 1702 machinationis

1050 1735 1236 1814 vestigium
1263 1752 1301 1798 an
1327 1735 1463 1814 denique
1494 1735 1663 1814 requisitae
1692 1733 1797 1798 condi·

1051 1830 1150 1891 tiones
1171 1831 1271 1893 adsint
1285 1845 1341 1909 pro
1357 1831 1537 1903 inchoandis
1551 1828 1744 1909 processibus
1759 1829 1794 1892 ad

1050 1921 1287 1985 beatificationis
1309 1923 1457 1986 iudicium
1480 1923 1703 1987 instruendum
1725 1939 1797 2004 pro·

1049 2014 1175 2077 futuris.

1086 2109 1105 2183 ἓ
1127 2109 1154 2171 7.
1179 2110 1265 2186 Quod
1286 2112 1378 2174 etiam
1401 2113 1434 2174 in
1450 2129 1532 2188 casu,
1545 2111 1659 2191 dequo
1679 2113 1794 2189 agitur,

1049 2204 1146 2280 magis
1161 2204 1298 2283 expediri
1313 2221 1494 2283 censemus;
1518 2212 1585 2268 tum
1600 2206 1671 2286 qnia
1686 2207 1718 2268 in
1734 2205 1796 2269 col·

1047 2296 1134 2358 lectis
1155 2314 1257 2376 nuper
1286 2299 1422 2378 plurium
1445 2301 1586 2364 virorum
1614 2308 1705 2379 atque
1727 2317 1794 2362 mu·

1047 2389 1162 2452 lierum
1177 2393 1373 2467 testimoniis,
1387 2400 1421 2454 ut
1435 2409 1528 2470 supra
1543 2393 1691 2467 diximus,
1707 2393 1793 2456 nulla

1047 2483 1150 2546 elucet
1179 2485 1321 2547 heroicae
1342 2486 1468 2547 virtutis
1495 2494 1548 2549 aut
1570 2486 1792 2550 miraculorum

1047 2577 1196 2656 probatio,
1219 2580 1329 2641 necin
1352 2579 1438 2640 obitu
1461 2580 1582 2642 Sororis
1597 2579 1794 2642 Crescentiae

1045 2671 1243 2748 splendidum
1265 2671 1367 2733 ullum
1394 2672 1617 2734 sanctimoniae
1641 2671 1792 2734 indicium

1045 2772 1186 2842 apparet3
1210 2772 1279 2827 tum
1300 2765 1371 2842 quia
1393 2765 1552 2843 complura
1567 2764 1661 2827 huius
1681 2765 1792 2844 scripta

1044 2866 1231 2934 supersunt,
1255 2873 1333 2934 quae
1354 2868 1427 2920 ante
1453 2859 1557 2920 omnia
1585 2873 1662 2936 opus
1688 2858 1791 2920 estad

1046 2963 1176 3011 examen
1198 2951 1312 3012 vocari.
1336 2951 1421 3027 Quod
1437 2951 1462 3013 si
1478 2952 1570 3014 etiarn
1582 2950 1793 3029 compilationi

1047 3057 1204 3120 processus
1226 3043 1386 3118 ordinarii,
1409 3045 1445 3106 ad
1471 3043 1678 3106 inchoandam
1698 3043 1791 3105 beati·

1046 3136 1194 3198 ficationis
1216 3153 1350 3212 causam,
1368 3137 1453 3200 locus
1474 3144 1565 3213 esset,
1582 3137 1792 3199 necessarium

1046 3228 1136 3308 plane
1158 3230 1317 3292 videretur
1330 3240 1468 3292 exactam
1481 3230 1720 3292 instructionem
1735 3245 1791 3308 pro
1815 3267 1817 3272 -

1045 3333 1127 3385 recta
1150 3323 1233 3385 illius
1254 3323 1458 3398 confectione,
1481 3324 1568 3384 iuxta
1588 3339 1634 3397 ea,
1658 3324 1791 3402 quaein

1045 3416 1199 3494 praedicto
1220 3432 1313 3495 opere
1335 3424 1441 3479 nostro
1466 3417 1511 3478 Dc
1535 3417 1791 3480 Conorvizotionc

1023 3510 1292 3586 conscripsimus,
1317 3511 1387 3572 hinc
1399 3511 1434 3574 ad
1450 3527 1504 3572 vos
1526 3511 1669 3589 mittere;
1692 3527 1792 3590 quum

1045 3603 1077 3663 in
1099 3603 1253 3679 praedicto
1274 3617 1418 3682 processu
1440 3603 1529 3692 nobis
1550 3603 1649 3666 oblato
1671 3611 1790 3666 nostro-

1044 3712 1105 3774 que
1126 3697 1211 3758 iussu
1226 3713 1242 3756 a
1257 3696 1451 3774 peritissimis
1473 3697 1548 3758 viris
1564 3695 1710 3772 discusso,
1726 3698 1792 3758 ani·

1045 3791 1243 3852 madversom
1271 3789 1382 3864 fuerit,
1406 3797 1499 3852 testes
1524 3791 1558 3851 in
1586 3805 1622 3852 eo
1648 3789 1791 3852 inductos

1046 3883 1206 3944 turmatim
1223 3883 1414 3946 examinatos
1429 3883 1534 3958 fnisse,
1547 3899 1605 3946 nec
1615 3885 1788 3962 praevium,

1044 3984 1079 4038 ut
1091 3993 1144 4055 par
1158 3983 1235 4050 erat,
1251 3976 1467 4038 iusiurandum
1484 3978 1687 4055 praestitisse3
1704 3995 1789 4042 cum-

1043 4086 1104 4148 que
1125 4068 1259 4144 nonita,
1280 4078 1314 4131 ut
1335 4069 1506 4147 oportebat,
1520 4071 1703 4148 interrogati
1724 4073 1791 4135 fue-

1043 4168 1119 4238 rint,
1142 4164 1296 4240 generalia
1322 4165 1480 4226 dumtaxat
1502 4165 1690 4244 deposuisse,
1710 4168 1789 4230 nihil

1043 4258 1081 4319 de
1104 4256 1310 4335 peculiaribus
1332 4256 1502 4320 actionibus
1523 4257 1687 4324 deiunctae
1706 4277 1789 4322 soro·

1043 4349 1084 4410 ris
1106 4357 1298 4412 enarrantes.
1768 4397 1771 4412 .

1082 4442 1101 4515 ἓ
1122 4441 1151 4502 8.
1174 4443 1277 4520 Atque
1292 4447 1377 4520 haec,
1392 4449 1580 4510 venerabilis
1594 4447 1701 4527 frater,
1717 4452 1788 4516 satis

1042 4550 1108 4596 esse
1129 4546 1267 4614 possent,
1280 4537 1315 4598 ad
1331 4548 1502 4603 accuratam
1524 4541 1620 4619 illam,
1643 4548 1788 4623 quamde

1041 4629 1202 4691 commissa
1225 4630 1279 4693 tibi
1302 4631 1504 4710 inquisitione
1520 4637 1608 4700 nobis
1629 4639 1788 4703 reddidisti

1042 4723 1213 4799 rationem3
1238 4739 1295 4787 nec
1316 4725 1447 4789 ulterius
1469 4729 1711 4806 progrederetur
1725 4735 1788 4812 epi·

1041 4816 1117 4877 stola
1139 4825 1255 4892 nostra,
1278 4819 1336 4882 uisi
1357 4819 1413 4881 alia
1435 4823 1585 4899 quaedam
1606 4824 1704 4888 literis
1726 4829 1787 4890 tuis

1042 4909 1130 4971 uobis
1145 4911 1305 4974 indicanda
1322 4913 1499 4992 iudicasses;
1512 4916 1595 4979 inter
1609 4933 1688 4996 quae
1702 4937 1787 5000 prae·
1819 4929 2017 4997 ‚lnaqinessni-

1041 5003 1169 5080 cipuum
1192 5005 1293 5066 locum
1309 5005 1439 5082 obtinet,
1452 5010 1532 5086 quod
1547 5011 1667 5086 scribis,
1679 5013 1716 5075 de
1730 5031 1785 5094 pu·
1805 4988 1925 5082 ir¹ri¹h⁸abn³a¹
1928 4980 2017 5090 ⁰s²c¹120⁰12

1041 5095 1158 5157 blicatis
1178 5095 1300 5174 lateque
1322 5097 1449 5175 diffusis,
1472 5103 1656 5181 quibusdam
1678 5105 1786 5184 imagi.
1804 5089 1993 5136 disseminatae.

1041 5188 1132 5249 nibus
1155 5187 1307 5266 Spiritum
1338 5190 1484 5256 Sanctum
1506 5196 1563 5257 sub
1589 5198 1717 5276 speciosi
1740 5199 1787 5262 iu·

1041 5282 1129 5342 venis
1141 5281 1238 5343 fornia
1249 5283 1467 5361 referentibus,
1480 5289 1658 5368 subscriptis
1670 5292 1783 5354 verbis:

1045 5372 1117 5434 Veni
1141 5373 1257 5438 Sancte
1275 5375 1437 5454 Spiritus.-
1458 5379 1622 5460 dequibus
1641 5383 1785 5461 imagini·

1041 5467 1109 5541 bus,
1127 5475 1233 5546 utpote
1254 5470 1359 5532 statim
1381 5473 1587 5553 undequaque
1607 5477 1718 5554 sparsis
1742 5485 1785 5539 at·

1041 5574 1101 5637 que
1122 5560 1353 5638 multiplicatis,
1377 5561 1439 5626 duo
1460 5567 1657 5644 potissimum
1683 5569 1788 5647 inqui·

1040 5655 1136 5716 reuda
1157 5661 1247 5716 sunt:
1271 5655 1420 5733 primurn,
1436 5675 1475 5720 an
1496 5676 1584 5722 soror
1606 5662 1786 5727 crescentia
1882 5660 1885 5666 ’

1040 5763 1090 5808 eas
1122 5741 1298 5824 invenerit,
1331 5749 1523 5828 vulgaverit,
1547 5756 1785 5835 approbaveritc

1039 5840 1187 5916 alterum,
1211 5857 1249 5903 an
1272 5842 1500 5920 (praetermissa
1521 5847 1668 5925 indagine
1680 5848 1718 5911 de
1739 5865 1786 5912 ea·

1040 5949 1113 5997 rum
1134 5933 1273 6015 auctore)
1294 5937 1473 6001 huiusmodi
1494 5939 1718 6018 iconumusus,
1735 5957 1787 6004 ex·

1720 509 1778 624 aab
1830 559 1883 612 tu.
1898 562 1928 612 c.
1951 543 2018 612 iras
