4708 6978
335 551 390 606 An.
404 554 434 606 0.
457 555 525 605 1746

332 1339 337 1346 ¹
368 1323 500 1401 'hortatio

574 555 633 619 191

555 711 635 774 6666
654 701 761 758 contra
782 695 892 774 synodi
913 693 1108 773 provincialis
1133 691 1301 756 libanensis

554 790 662 861 dictae,
685 789 722 852 ab
744 789 912 868 hpostolica
945 791 999 850 hac
1027 788 1057 853 S.
1083 784 1162 851 Sede
1190 787 1302 850 consur·-

556 892 648 958 mata,
670 888 795 958 statuta,
819 883 940 946 decreta
960 899 994 945 aa
1018 883 1160 944 mandata
1182 897 1216 968 re
1238 881 1300 958 ipsa

553 977 628 1050 sint,
651 991 784 1056 quorum
806 975 942 1053 cognitio
964 992 998 1038 ac
1017 975 1131 1039 decisio
1152 974 1300 1053 adipsum

555 1071 713 1133 dumtaxat
735 1067 765 1131 S.
787 1068 899 1132 Sedem
920 1077 1047 1149 spectat,
1068 1069 1173 1131 omnia
1188 1070 1223 1131 ad
1239 1067 1300 1148 pri-

554 1162 674 1225 stinum
702 1170 819 1225 statum
850 1163 986 1239 restitui,
1008 1171 1040 1226 et
1071 1164 1156 1224 iuxta
1188 1163 1299 1226 dictam

553 1255 710 1334 synodum
724 1256 881 1319 observari
895 1257 996 1332 iacias,
1012 1273 1100 1320 cures
1115 1264 1146 1319 et
1160 1257 1297 1320 mandes.

596 1351 754 1426 Ceterum,
778 1350 889 1413 dilecte
906 1349 962 1426 iili,
980 1357 1010 1412 te
1025 1351 1141 1413 iterum
1155 1366 1300 1428 rogamus

553 1450 586 1505 et
608 1443 640 1506 iu
661 1444 793 1506 Domino
823 1443 998 1520 hortamur,
1022 1452 1056 1508 ut
1083 1445 1164 1506 serio
1195 1445 1300 1506 animo

553 1538 761 1614 considerans
784 1547 815 1600 et
836 1553 928 1615 quam
958 1537 1051 1600 ardua
1072 1539 1112 1599 sit
1143 1537 1300 1616 provincia

554 1631 609 1693 tihi
631 1632 804 1706 commissa,
827 1640 858 1694 et
879 1647 971 1710 quam
1003 1631 1122 1710 amplae
1143 1631 1301 1694 facultates

553 1726 589 1786 ad
606 1724 689 1788 illam
704 1724 833 1788 alacrius
848 1727 1020 1790 adeundam
1033 1733 1064 1788 et
1075 1724 1194 1788 felicius
1205 1725 1301 1803 expli·

445 1827 447 1830 ·
553 1820 682 1880 eandam
703 1818 1012 1898 componendamque
1035 1819 1212 1892 attributae,
1235 1833 1300 1880 om-

342 4917 496 4962 t’ontillcum
512 4920 537 4962 et

323 4970 538 5017 conciliorunrso·

266 5067 268 5072 .
324 5022 536 5086 licitudoquoad

325 5077 489 5139 residentiam
512 5079 538 5122 E·

326 5139 493 5188 piscoporum.

554 1911 605 1973 nia
626 1911 737 1988 studia,
761 1928 869 1974 omnes
891 1918 1019 1976 conatus
1041 1920 1071 1974 et
1093 1913 1177 1974 vires
1198 1913 1302 1974 inten-

553 2005 616 2079 das,
639 2019 701 2067 non
724 2015 759 2066 ut
780 2005 976 2084 apostolicam
1006 2013 1129 2068 tanturn
1159 2005 1302 2082 benigni·

554 2102 617 2158 tem
632 2104 769 2158 nostram
784 2097 840 2160 tibi
856 2098 1072 2176 promerearis,
1086 2097 1136 2160 sed
1153 2105 1188 2160 ut
1203 2105 1301 2159 aeter·

553 2205 625 2252 nam
647 2190 739 2252 etiam
763 2191 795 2253 in
817 2191 909 2254 coelis
936 2193 1102 2271 repositam
1124 2192 1301 2254 mercedem

553 2299 568 2343 a
601 2283 755 2346 bonorum
786 2285 930 2347 omnium
961 2294 1196 2347 remuneratore
1227 2285 1299 2359 beu,

552 2393 647 2455 auem
669 2392 769 2439 unum
784 2393 857 2456 prae
871 2378 968 2440 aculis
983 2379 1096 2442 habere
1110 2379 1213 2453 debes
1230 2393 1301 2440 con·

552 2470 641 2548 sequi
662 2471 758 2548 possis
779 2479 810 2532 et
832 2470 943 2532 valeas.
961 2469 1022 2533 Nos
1038 2468 1164 2533 interim
1180 2474 1216 2534 ad
1233 2487 1302 2550 pro-

552 2561 636 2640 speri
656 2577 816 2624 successus
838 2563 1008 2641 auspicium
1031 2563 1087 2625 tibi
1103 2563 1300 2642 apostolicam

554 2654 814 2730 benedictionem,
836 2671 929 2734 quam
951 2665 1056 2719 nostro
1079 2657 1209 2719 nomine
1231 2657 1300 2719 uni-

553 2763 661 2809 versae
682 2748 800 2809 nationi
816 2749 968 2810 mandatis
983 2749 1045 2810 tuis
1059 2750 1299 2828 obtemperanti,

554 2848 669 2920 tuaque
689 2840 822 2903 salubria
844 2843 962 2904 monita
977 2842 1160 2921 adimplenti
1175 2841 1300 2920 elargiri

554 2934 679 3012 puteris,
703 2943 898 3012 peramanter
920 2935 1128 3014 impertimur.

594 3027 706 3089 natum
730 3027 854 3116 Romae,
886 3029 965 3107 apud
998 3026 1029 3091 S.
1053 3029 1179 3092 Mariam
1210 3029 1301 3092 11616-

553 3119 712 3193 1·en1,sub
738 3119 854 3181 annulo
881 3119 1051 3195 Piscatoris,
1074 3121 1124 3184 die
1153 3137 1206 3184 xx.
1231 3121 1300 3185 lulii

554 3227 743 3289 uncoxuvr,
766 3213 961 3292 pontificatus
982 3215 1080 3276 nostri
1102 3231 1183 3278 auno
1204 3233 1245 3278 vr.

845 3593 1010 3658 Lxxxhl.

556 3779 668 3844 Relato
696 3781 902 3846 Tridentinae
924 3783 1045 3861 spicode·
1066 3784 1189 3846 decreta
1205 3783 1241 3845 de
1256 3800 1303 3844 re-

594 3875 736 3939 sidentia
750 3876 988 3956 Episcopornnt,
1004 3877 1200 3956 confirmatis
1210 3893 1301 3956 prae-

571 3972 793 4034 'decessorum
824 3968 1133 4042 constitutionibus,
1160 3969 1302 4032 decernit

594 4081 710 4144 poenas
738 4064 774 4126 in
800 4065 1085 4134 contravenientes,
1107 4069 1202 4142 atque
1225 4065 1303 4127 Gora-

594 4158 811 4238 prcputioncm
841 4173 938 4235 super
966 4156 1142 4220 residentia
1174 4157 1315 4236 eiusque

594 4250 745 4313 sessiones
768 4251 804 4312 in
825 4265 920 4312 usum
943 4249 1068 4312 reducit
1089 4248 1145 4331 (l).

688 4434 932 4505 ethelstanus
956 4435 1172 4506 episeopus

741 4616 850 4668 sertus
872 4616 1028 4668 sertorum
1051 4599 1114 4678 Dei,

675 4721 711 4788 ad
734 4727 907 4804 perpetuam
930 4722 973 4789 rei
1001 4722 1181 4789 memorien.

595 4913 639 4977 hd
656 4915 821 4976 universae
833 4913 1023 4980 Christianae
1032 4911 1230 4991 Reipublicae
1244 4919 1303 4974 sta-

558 5015 636 5083 tum,
658 5007 693 5068 ad
717 5007 990 5070 ecclesiasticarum
1011 5005 1118 5083 legum
1132 5004 1303 5067 custodiam

557 5107 587 5163 et
610 5099 746 5164 tidelium
770 5099 955 5179 populorum
977 5099 1127 5173 salutent,
1151 5106 1213 5160 tarn
1240 5115 1304 5160 ma-

558 5194 611 5270 gni
634 5192 729 5255 relert
750 5193 888 5269 singulos
910 5191 1173 5272 patriarchalibus,
1190 5191 1303 5268 prima-

558 5287 692 5360 tialibus,
706 5286 951 5363 metropolitanis
972 5294 1003 5350 et
1017 5285 1242 5348 cathedralibus
1257 5301 1305 5346 ec-

558 5380 659 5442 clesiis
691 5379 895 5458 praepositos,
925 5379 957 5440 in
983 5379 1057 5458 ipsis
1087 5378 1224 5440 ecclesiis
1252 5377 1302 5439 vel

558 5473 746 5536 dioecesibus
774 5473 831 5535 sibi
853 5471 976 5535 creditis
1003 5471 1122 5534 assidue
1150 5469 1302 5546 residere,

558 5577 593 5629 ut
615 5566 739 5629 difficile
759 5567 799 5628 sit
819 5566 900 5629 aliud
923 5565 1024 5628 ullum
1050 5564 1187 5644 reperire
1206 5563 1305 5627 eccle·

558 5659 694 5723 siasticae
715 5659 891 5736 disciplinae
912 5667 1013 5737 caput,
1027 5659 1107 5736 quod
1130 5665 1182 5718 aut
1203 5657 1304 5719 conei-

559 5753 685 5816 liaribus
705 5753 874 5815 canonibus
889 5759 982 5830 atque
1003 5751 1146 5826 decretis,
1159 5759 1212 5812 aut
1226 5752 1304 5830 Apo-

1079 575 1142 621 tl'tl.
1166 575 1256 620 PONT.
1281 575 1320 620 DE
1342 576 1370 619 P·
1396 577 1425 620 F·
1450 577 1532 620 PARS
1555 577 1576 620 1.

1355 691 1478 755 stolidae
1500 691 1586 758 Sedis
1607 693 1879 756 constitutionibus
1894 693 2102 756 616666ῑί661-

1356 787 1424 862 bus,
1441 795 1504 849 tanr
1517 803 1607 866 saepe
1622 795 1747 866 tamque
1762 787 1903 866 impense
1914 786 2099 850 inculcatum

1356 881 1448 945 luerit
1475 888 1507 942 et
1534 882 1796 944 commendatum.
1830 881 1870 944 Ut
1898 887 2003 944 autem
2023 881 2102 943 anti·

1356 975 1463 1053 quiora
1485 976 1629 1038 canoniea
1646 983 1764 1040 ,statuta
1784 983 2025 1054 praetereamus,
2047 990 2102 1036 no-

1357 1069 1403 1130 bis
1424 1069 1496 1132 satis
1518 1069 1577 1132 erit
1599 1069 1743 1143 inuuere,
1766 1069 1839 1147 quid
1862 1068 1916 1130 hac
1938 1069 1976 1130 de
1996 1083 2031 1130 re
2051 1069 2102 1131 de-

1357 1163 1490 1224 creverit
1523 1163 1719 1226 Sacrosancta
1751 1161 1931 1226 Tridentina
1959 1161 2102 1239 Synodns

1356 1273 1429 1318 sess.
1453 1257 1487 1332 6,
1518 1272 1586 1334 rap.
1611 1258 1640 1330 1,
1669 1263 1700 1320 et
1730 1274 1804 1318 sess.
1827 1256 1883 1328 23,
1916 1272 1983 1334 cup.
2015 1255 2032 1314 1
2065 1257 2103 1319 de

1360 1348 1522 1431 Reform,
1545 1361 1612 1414 tunt
1635 1367 1669 1414 ea
1690 1367 1768 1430 6666
1789 1365 1849 1413 rec.
1866 1364 1961 1412 mern.
1978 1351 2103 1428 praede-

1357 1459 1460 1506 cessar
1481 1454 1585 1508 noster
1605 1446 1747 1508 Urbanus
1769 1445 1845 1522 Papa
1859 1443 1936 1508 lllll.
1956 1443 2103 1521 praescri-

1358 1541 1418 1619 psit
1441 1540 1471 1602 iu
1493 1557 1546 1601 sua
1569 1539 1801 1602 Constitutione
1821 1539 1887 1600 data
1903 1537 1981 1618 apud
1998 1537 2029 1600 S.
2047 1537 2103 1598 Pe-

1358 1642 1442 1696 trum
1464 1631 1513 1694 die
1535 1648 1591 1695 xrr.
1616 1632 1787 1695 decembris
1818 1631 1892 1694 anni
1920 1647 2097 1695 uuexxxrv.

1357 1744 1436 1807 6666
1466 1726 1575 1806 incipit
1596 1727 1716 1791 Sancta
1750 1724 1906 1802 synodus,
1929 1733 1960 1786 et
1981 1726 2014 1787 in
2042 1741 2101 1802 666

1358 1822 1576 1900 praecedentes
1597 1821 1729 1882 aliorum
1750 1819 1962 1882 Romanarum
1976 1818 2101 1880 Pontib-

1357 1931 1428 1978 curo
1443 1913 1487 1976 Pii
1501 1914 1565 1988 tv,
1579 1914 1720 1990 Gregorii
1733 1913 1824 1988 illil,
1838 1911 2007 1975 Clementis
2022 1912 2099 1976 lllll.

1358 2010 1440 2086 leges
1462 2015 1492 2070 et
1510 2009 1749 2072 constitutiones
1770 2007 1889 2081 retulit,
1906 2007 2102 2070 confirmavit

1358 2112 1389 2166 et
1417 2102 1584 2180 ampliavit.
1619 2101 1726 2190 Neque
1754 2117 1830 2180 opus
1862 2109 1909 2164 est
1939 2093 2102 2164 recensere

1358 2214 1465 2259 omnes
1487 2196 1657 2274 encyclicas
1678 2197 1792 2271 literas,
1815 2213 1893 2275 6666
1915 2197 1949 2260 ad
1972 2199 2102 2261 Patriar·

1357 2293 1439 2366 chas,
1456 2291 1615 2364 Primates,
1632 2290 1881 2369 archiepiscopos
1892 2299 1923 2354 et
1939 2291 2103 2370 Episcopus

1358 2384 1396 2447 de
1417 2383 1578 2462 implendo
1599 2382 1776 2446 huiusmodi
1804 2384 1987 2446 residentiae
2008 2399 2104 2446 onere

1359 2476 1528 2540 identidem
1549 2475 1773 2550 admonendos,
1798 2476 1834 2537 ab
1855 2476 1910 2538 hac
1933 2476 2103 2554 apostolica

1359 2568 1437 2632 Sede
1458 2569 1541 2631 mitti
1564 2573 1811 2644 consueverunt;
1835 2577 1869 2632 ut
1885 2577 1967 2647 patet
1980 2584 2019 2631 ex
2040 2570 2103 2649 epi-

1357 2662 1432 2724 stola
1463 2663 1547 2725 iussu
1569 2679 1641 2726 ren.
1664 2662 1747 2724 servi
1775 2662 1828 2724 Dei
1856 2662 2029 2725 innocentii
2051 2663 2104 2724 Pa·

1357 2773 1411 2836 pac
1427 2755 1479 2819 xl.
1494 2757 1732 2835 praedecessoris
1746 2771 1869 2836 666666
1884 2757 1981 2819 nostri
1992 2757 2102 2834 scripta

1358 2851 1407 2914 die
1429 2869 1458 2912 v.
1483 2849 1949 2924 1616666166ῃί666666666,
1973 2851 2048 2912 item
2064 2865 2103 2912 ex

1358 2944 1416 3006 alia
1438 2945 1485 3008 die
1507 2959 1596 3006 xxiv.
1621 2943 1792 3006 decembris
1817 2944 1890 3006 anni
1912 2959 2056 3006 uoccvn.
2086 2961 2102 3004 a

1359 3038 1568 3100 teliorecard.
1587 3038 1749 3100 Clemente
1779 3037 1856 3116 Papa
1879 3036 1929 3100 Xl.
1953 3038 1989 3099 ad
2010 3053 2103 3100 suum

1358 3138 1388 3193 et
1404 3131 1593 3210 Apostolicae
1609 3128 1693 3193 Sedis
1708 3129 1861 3193 Nuntium
1881 3129 2008 3209 Neapoli
2022 3146 2103 3194 com-

1358 3237 1534 3292 morantem
1554 3225 1737 3306 conscripta,
1754 3234 1787 3289 ut
1809 3225 1893 3288 illius
1913 3227 2004 3303 regui
2018 3243 2104 3305 prae-

1357 3323 1439 3385 sules
1461 3323 1496 3384 ad
1512 3319 1711 3384 residendum
1723 3321 1756 3381 in
1772 3320 1903 3398 propriis
1925 3319 2060 3383 ecclesiis
2074 3329 2104 3383 et

1359 3417 1547 3478 dioecesibus
1558 3416 1769 3491 adigerentur;
1783 3428 1904 3476 necnon
1916 3429 1952 3474 ex
1965 3413 2105 3476 eiusdem

1359 3509 1530 3573 Clementis
1552 3508 1648 3570 literis
1671 3507 1702 3567 in
1724 3505 1822 3569 torma
1839 3505 1943 3567 Brevis
1965 3504 2041 3568 datis
2056 3506 2105 3569 die

1359 3618 1433 3664 xxv.
1457 3602 1530 3664 maii
1552 3602 1625 3664 anni
1647 3616 1780 3665 unccrx.
1804 3601 1839 3662 ad
1854 3600 2104 3678 Archiepiscopos

1359 3706 1390 3760 et
1412 3698 1575 3776 Episcopos
1597 3695 1751 3770 Poloniae,
1774 3693 1827 3773 661
1849 3694 1981 3756 obtentu
2002 3693 2105 3756 turba·

1359 3805 1427 3851 rurn
1451 3798 1483 3851 et
1504 3789 1743 3863 dissensionum,
1756 3804 1834 3866 6666
1855 3796 1930 3850 tunc
1952 3789 1985 3849 in
2006 3804 2043 3849 eo
2057 3803 2104 3850 re·

1359 3899 1420 3961 gno
1443 3883 1656 3958 versabantur,
1668 3899 1737 3944 suas
1748 3881 1940 3960 reliquerant
1955 3880 2104 3946 Ecclesias

1359 3987 1451 4056 atque
1471 3978 1640 4041 Dioeceses.

1398 4070 1507 4150 Neque
1528 4088 1619 4151 porro
1641 4089 1696 4134 nos
1717 4074 1773 4134 hac
1787 4073 1819 4135 in
1835 4089 1869 4135 re
1889 4074 2044 4152 apostolici
2060 4075 2105 4138 oi·

1360 4258 1419 4321 Vix
1440 4259 1525 4321 enirn
1547 4258 1739 4320 inscrutabili
1753 4259 1877 4322 divinae
1891 4260 2104 4339 providentiae

1359 4351 1487 4415 consilio
1510 4352 1540 4414 in
1564 4352 1620 4413 hac
1640 4368 1782 4431 suprema
1805 4353 1956 4416 Ecclesiae
1978 4355 2105 4416 univer-

1358 4445 1429 4508 salis
1449 4445 1572 4524 specula
1592 4445 1730 4508 collocati
1752 4446 1879 4522 luimus,
1901 4463 1999 4524 ouum
2021 4455 2105 4508 rete-

1360 4555 1427 4601 rem
1451 4539 1717 4618 praedecessorum
1733 4548 1912 4602 nostrorum
1934 4556 2056 4602 morem
2071 4541 2103 4602 in

1360 4648 1453 4694 usum
1474 4640 1667 4708 revocantes,
1684 4633 1719 4696 ad
1735 4649 1807 4696 ren.
1832 4633 1942 4697 iratres
1964 4634 2103 4696 omnium

1360 4742 1414 4804 per
1430 4725 1542 4790 Orbem
1557 4725 1756 4788 ecclesiarum
1769 4727 1929 4789 Antistites
1943 4727 2104 4804 apostolica

1359 4819 1472 4898 scripta
1494 4819 1678 4894 direximus,
1691 4819 1804 4898 quibus
1827 4820 1908 4882 inter
1928 4827 2105 4883 666166666-

1361 4911 1459 4972 lubria
1481 4911 1611 4987 monita,
1633 4914 1691 4974 hoc
1712 4913 1802 4974 etiam
1827 4913 1865 4976 de
1889 4913 2051 4976 residendo
2072 4913 2104 4975 in

1361 5004 1492 5082 propriis
1513 5004 1648 5066 ecclesiis
1661 5005 1807 5084 peculiari
1829 5007 1930 5068 studio
1952 5005 1986 5067 iis
2008 5004 2105 5067 incul-

1361 5113 1440 5171 eare,
1464 5105 1493 5158 et
1516 5104 1576 5158 tam
1603 5099 1780 5174 gravissima
1806 5098 1934 5174 damna,
1964 5115 2041 5178 6666
2068 5116 2106 5160 ex

1361 5206 1471 5252 eorum
1493 5189 1629 5252 absentia
1650 5193 1853 5269 proveniunt,
1873 5208 1965 5270 quam
1980 5207 2107 5269 magnas

1362 5283 1529 5357 utilitates,
1553 5299 1626 5360 6666
1647 5300 1758 5348 eorum
1786 5285 1958 5363 praesentia
1983 5300 2106 5348 concre-

1362 5376 1433 5439 ditis
1447 5376 1520 5454 ipsis
1535 5377 1723 5440 dioecesibus
1734 5378 1832 5452 ahert,
1843 5389 1916 5440 ante
1926 5378 2030 5440 oculos
2039 5392 2109 5454 pro-

1362 5485 1478 5548 ponere
1499 5485 1562 5532 non
1584 5472 1860 5548 praetermisimus
1881 5479 1915 5533 ut
1936 5469 2042 5532 videre
2063 5477 2109 5531 est

1362 5563 1398 5622 in
1419 5563 1482 5638 54.
1500 5563 1647 5641 epistolae
1667 5563 1839 5641 encyclicae
1859 5563 2107 5645 (1166666666-

1363 5656 1425 5718 bris
1447 5656 1520 5718 anni
1541 5673 1681 5718 uuocxc.
1699 5675 1714 5718 a
1729 5658 1817 5719 nobis
1831 5658 2013 5736 conscripta,
2030 5673 2107 5736 6666

1363 5751 1395 5812 16
1427 5750 1507 5812 Torn-
1532 5751 1556 5813 I.
1586 5751 1715 5813 Bultarii
1742 5751 1838 5814 nostri
1861 5767 1962 5830 nuper
1987 5750 2106 5826 vulgati

1069 5892 1075 5898 .
1087 5891 1179 5898 ——--—-
1193 5891 1364 5898 -—...-...—-.—

601 5969 630 6023 (l)
646 5968 708 6013 vide
724 5969 772 6013 rol.
788 5971 815 6022 i.,
831 5979 886 6022 pag.
904 5969 950 6022 lbi,
965 5967 1022 6011 lirb.
1040 5970 1101 6011 vlll.
1117 5970 1213 6012 Sacrata
1226 5969 1358 6020 Sanctius.

2133 553 2187 602 un.
2201 529 2230 604 c.
2251 555 2307 608 tras

2138 4069 2203 4123 Quid
2217 4069 2287 4114 hacin
2298 4081 2317 4113 re
2347 4073 2348 4088 ¹

1360 4165 1419 4228 sicii
1443 4167 1540 4228 nostri
1572 4173 1672 4245 partes
1699 4167 1863 4229 desiderari
1891 4089 2348 4278 6666161666.ΞέζξεῖιέιιιἐξΞῑιέἶῗ-1
