4744 6976
343 529 442 583 11110.
464 531 532 582 1745
582 527 641 590 2h0

562 663 634 726 ueni
655 661 798 742 pretinm
820 660 856 721 in
878 657 979 720 010111
1002 659 1080 730 tuis,
1100 674 1139 718 ne
1161 661 1307 717 transeas

562 772 689 820 seruum
712 761 819 827 tuum·
841 761 933 831 atque
961 753 1095 814 vicissim
1117 767 1198 813 unus
1219 749 1309 810 dum-

565 857 644 912 taxat
666 848 838 912 abrahamo
860 847 1045 924 respondet:
1080 844 1175 908 llicit
1197 847 1307 904 nutent

333 950 544 1052 „Eff-“inff‘lfe'
566 943 719 1006 Dominus
740 941 782 1004 nd
804 938 975 1012 Abraham,
1001 945 1059 1000 etc.
1084 939 1118 1000 ln
1135 941 1188 1000 hac
1204 936 1308 1014 itaque

332 1017 444 1114 galidii,
471 1016 544 1105 'still
563 1036 755 1115 apparitione
776 1034 807 1098 S.
832 1035 1024 1110 Augustinus
1046 1030 1100 1094 lilr.
1115 1033 1167 1092 11.
1185 1031 1221 1091 de
1240 1029 1308 1090 Tri-

333 1123 447 1170 rumque,
563 1131 668 1192 nitate
689 1145 757 1205 cap.
775 1132 833 1190 20.
859 1135 932 1188 tant.
950 1131 983 1190 8.
1007 1143 1078 1205 pap.
1097 1127 1178 1188 784.
1197 1123 1308 1186 editic-

565 1224 615 1284 nis
647 1213 875 1284 denunciarunt
899 1220 1163 1300 Conpreqntianis
1196 1217 1309 1282 Sancti

564 1316 692 1388 utura,
729 1317 866 1392 agnoscit
901 1314 1117 1378 Sanctissimae
1149 1312 1309 1375 Trinitatis

565 1409 750 1485 imaginem
784 1408 824 1469 ita
855 1407 1012 1470 scribens:
1040 1406 1119 1468 Cum
1150 1420 1221 1466 uero
1245 1411 1308 1465 tres

563 1501 629 1564 uiri
656 1506 746 1573 sunt,
774 1517 829 1561 nec
861 1499 1029 1577 quisquam
1051 1499 1086 1558 in
1109 1497 1153 1558 eis
1175 1496 1222 1557 cet
1245 1498 1309 1578 [01-

563 1611 626 1666 ana,
649 1595 696 1654 cel
718 1599 836 1665 aetate,
858 1593 905 1653 cei
930 1595 1088 1670 potestate
1116 1591 1310 1652 0101111111-

565 1689 643 1749 teris
664 1689 772 1750 dictus
793 1691 851 1757 est,
874 1702 934 1746 eur
955 1701 1018 1746 non
1041 1683 1093 1744 laic
1110 1683 1307 1760 accipiamus

565 1780 739 1844 visibiliter
761 1779 965 1841 ieninttatam
987 1793 1042 1854 per
1063 1782 1249 1838 creaturam
1263 1774 1309 1836 vi·

563 1873 687 1936 sibilent
706 1872 878 1935 Trinitatis
900 1871 1141 1948 aequalitatem,
1157 1875 1253 1946 ntque
1274 1869 1309 1929 in

566 1965 671 2029 trihus
681 1965 824 2044 personis
839 1981 938 2026 urtam
951 1963 1149 2040 tuendamque
1160 1959 1310 2024 substan·

566 2061 669 2122 tinent
690 2059 857 2134 Augustini
879 2059 1058 2136 opinionem
1080 2056 1213 2134 amplexi
1234 2063 1308 2116 sunt

566 2154 719 2230 Repertus
741 2149 795 2214 lile.
824 2151 852 2210 V.
877 2149 1186 2240 Cernntentnricrurn
1202 2148 1236 2208 in
1254 2147 1309 2212 Ge-

566 2245 664 2306 nesim
686 2260 754 2322 cap.
778 2245 837 2315 37,
861 2244 975 2308 suarez
996 2245 1033 2306 de
1056 2241 1183 2320 dnqelis
1201 2239 1254 2302 tto.
1272 2243 1308 2310 6,

565 2354 633 2416 cap.
656 2342 715 2410 20,
739 2353 828 2399 num.
843 2338 885 2398 10
909 2340 939 2396 et
960 2333 1175 2412 sequentihus,
1193 2336 1309 2397 Corne-

566 2433 624 2496 lius
646 2449 661 2492 a
683 2429 794 2508 Lepide
826 2437 856 2491 et
885 2431 930 2492 ltu
953 2429 1060 2490 Hamel
1092 2429 1124 2490 in
1155 2429 1237 2490 idem
1259 2443 1309 2487 ea·

566 2532 624 2604 put
648 2525 755 2589 Xl'lll.
782 2522 940 2594 Geneseos,
964 2523 1086 2600 aliique.

370 2633 544 2698 ‚aeneatorum
604 2621 623 2695 5
638 2621 686 2682 3l.
701 2619 781 2682 Sunt
798 2625 912 2692 tamen,
926 2635 942 2678 a
957 2617 1069 2694 quihus
1084 2617 1191 2678 eadem
1207 2615 1237 2678 S.
1252 2615 1310 2676 lto·

333 2697 422 2745 ⁰m⁰¹⁰
438 2687 544 2732 diversa.
566 2716 657 2778 cteris
679 2711 893 2790 interpretatio
915 2725 980 2772 non
995 2709 1154 2788 recipitur.
1172 2709 1308 2771 Praeter-

566 2808 656 2870 missa
675 2805 830 2884 siquidem
852 2804 1058 2866 hebraeorum
1081 2803 1240 2880 opinione,
1256 2801 1310 2880 qui

567 2909 687 2978 putant,
700 2908 762 2962 tres
778 2898 845 2960 illos
861 2897 1032 2958 abrahamo
1055 2897 1135 2958 visos
1157 2912 1220 2958 non
1236 2895 1310 2956 alios

566 2994 669 3069 luisse,
691 3008 785 3071 quam
816 2991 942 3068 angelos
973 2989 1164 3063 Michaelem‚
1187 2989 1312 3052 Gabrie-

567 3090 625 3150 lem
648 3097 679 3150 et
700 3086 901 3164 ltaphaelem,
935 3099 1071 3162 quorum
1103 3084 1232 3162 primus,
1256 3083 1308 3144 Dei

540 3189 665 3276 'partes
697 3195 819 3255 geram,
851 3177 985 3252 uenerit,
1016 3184 1049 3238 ut
1079 3177 1251 3254 inquireret
1278 3176 1309 3236 in

565 3274 679 3336 scelera
701 3271 861 3345 Sodomae,
879 3279 909 3332 et
932 3271 1046 3359 iustum
1064 3269 1096 3329 in
1113 3270 1255 3331 meritam
1270 3270 1311 3332 ci·

568 3369 694 3430 ritatem
725 3364 912 3444 supplicium
941 3371 1109 3437 statuerem
1142 3369 1172 3422 at
1199 3362 1308 3440 reliqui

566 3464 637 3537 duo,
660 3461 744 3522 iussu
765 3459 888 3538 prioris,
905 3457 1061 3520 civitatem
1077 3457 1175 3534 ipsam
1190 3463 1310 3517 everte·

568 3557 641 3630 rint,
657 3555 714 3616 Lot
729 3569 802 3615 vero
818 3551 1030 3628 liberaverint,
1046 3551 1091 3611 uti
1108 3558 1252 3610 narratur
1265 3565 1311 3610 se·

566 3649 676 3727 quenti
691 3646 795 3726 capite
809 3645 948 3706 eiusdem
963 3641 1040 3705 libri
1054 3643 1201 3708 Geneseos
1214 3643 1308 3716 htx,

567 3760 660 3823 quam
694 3743 900 3804 hebraeorum
931 3739 1110 3818 opinionem
1142 3737 1312 3800 relerentes

568 3839 710 3901 Testatus
737 3843 830 3913 atque
858 3834 996 3906 Tirinus,
1019 3833 1051 3893 in
1078 3833 1219 3893 eamdem
1242 3849 1310 3909 pro-

569 3930 702 4012 pendere
733 3945 766 3990 se
795 3925 978 4000 ostendunt;
1011 3934 1045 3988 ut
1075 3926 1182 3988 uidere
1211 3926 1311 3987 estin

567 4029 705 4106 ipsorum
727 4021 959 4086 commentariis
982 4020 1012 4081 in
1034 4020 1236 4098 praemissum
1256 4019 1313 4080 Ge·

569 4121 648 4184 nasis
669 4122 767 4196 capnt
784 4115 892 4178 h'r'lll.
909 4111 990 4176 Sane
1004 4130 1067 4174 non
1083 4113 1170 4191 pauci
1185 4129 1224 4174 cu
1239 4113 1313 4176 San·

567 4216 623 4278 ctis
644 4213 785 4277 Patribus
804 4209 1035 4282 existimarunt,
1051 4207 1127 4268 duos
1147 4207 1310 4282 extribus,

375 4329 433 4374 ntra
448 4327 488 4373 ss
505 4328 549 4372 aa·
569 4310 621 4388 qui
643 4317 719 4371 tunc
740 4305 913 4368 abrahamo
938 4310 1161 4382 apparuerunt,
1187 4302 1312 4379 angelos

312 4427 315 4436 ·
336 4385 408 4483 ξξῗῖἒ
427 4383 550 4436 mmm*
569 4397 716 4476 extitisse,
741 4399 870 4462 tertiam
890 4414 964 4459 uero
995 4396 1088 4458 luisse
1109 4395 1224 4458 Filium
1246 4396 1311 4470 Dei,

567 4497 734 4560 secundam
756 4493 906 4554 nimirum
929 4489 1056 4552 Sanctae
1072 4489 1230 4552 Trinitatis
1245 4506 1312 4568 per-

568 4605 693 4664 sonam,
715 4595 807 4665 atque
838 4585 916 4646 hanc
946 4584 1135 4645 sententiam
1157 4584 1312 4660 frequenti

568 4683 779 4763 expositorum
800 4677 915 4740 calculo
936 4678 1176 4756 comprobatam,
1192 4679 1230 4738 ah
1251 4678 1313 4756 ipsa

571 4777 701 4840 Ecclesia
722 4773 894 4852 adoptatam
908 4770 1002 4834 luisse
1018 4777 1102 4850 putat
1120 4771 1313 4847 augustinus

570 4870 699 4944 Calmet‚
722 4869 813 4946 idque
837 4865 961 4928 deducit
981 4881 1019 4926 cx
1041 4865 1077 4926 iis
1098 4865 1212 4940 verbis,
1236 4879 1313 4942 quae

571 4965 639 5026 licet
661 4977 724 5024 non
746 4961 918 5022 habeantur
939 4959 971 5021 in
993 4975 1078 5021 sacro
1100 4957 1313 5032 1111111111-

571 5057 651 5118 vinis
682 5063 786 5116 tamen
819 5054 925 5115 officiis
957 5052 1117 5128 leguntur,
1148 5037 1311 5112 videlicet:

574 5153 646 5214 Tres
667 5149 749 5211 cidit
780 5155 809 5210 et
838 5161 942 5208 unum
972 5145 1132 5207 adorauit.
1167 5143 1314 5206 Videatur

569 5243 633 5323 ipse
661 5242 781 5306 Calmet
813 5241 843 5302 in
873 5239 1074 5319 praecitatum
1109 5238 1236 5300 Genesis
1265 5255 1316 5300 cc·

569 5345 628 5416 put
657 5335 780 5409 iltuit,
809 5349 929 5396 necnon
957 5330 1132 5393 Discursus
1162 5333 1254 5395 XVll.
1280 5331 1314 5393 in

571 5433 652 5494 idem
674 5434 773 5510 captet
796 5428 904 5490 Xl'lll.
924 5427 1063 5500 Genesis,
1086 5427 1168 5488 inter
1185 5427 1317 5488 Discur-

569 5543 625 5588 sus
651 5521 959 5587 distortae-erutus
988 5519 1315 5599 theologico-morales

571 5621 606 5682 in
627 5625 718 5681 cetus
739 5625 769 5680 et
791 5633 907 5679 nouum
927 5618 1166 5686 testamentum,
1183 5615 1315 5677 111101-

571 5715 638 5794 piae
658 5713 756 5777 editos
777 5728 861 5776 uerno
883 5724 1080 5772 uoccxxxrr.
1099 5716 1172 5770 1001.
1191 5707 1233 5769 ll.

365 5825 492 5882 imagines
508 5824 549 5870 ss.
610 5809 629 5884 §
651 5807 699 5871 32.
724 5805 876 5882 Imagines
898 5805 999 5884 itaque
1019 5803 1235 5866 Sanctissimae
1249 5803 1316 5865 Tri·

339 5879 551 5992 ἶὲἷὲῗῗῖἐῧᾱζῗο
572 5903 677 5968 uitatis
692 5902 902 5965 communiter
916 5901 1108 5981 approbatae,
1122 5909 1152 5963 et
1167 5907 1235 5965 tuto
1249 5917 1317 5982 per·

1086 539 1150 582 lllll·
1175 535 1265 582 PONT·
1290 535 1330 580 oc
1352 535 1381 580 Ρ.
1405 535 1433 581 F.
1458 539 1540 582 PARS
1563 537 1582 582 l.

2141 515 2198 568 An.
2214 515 2244 570 G.
2267 519 2329 570 itas

1364 657 1543 732 mittendae,
1566 655 1637 718 illae
1667 666 1752 732 sunt,
1774 674 1853 736 quae
1875 658 1923 720 vel
1946 673 2108 736 personam

1365 751 1416 812 Dei
1448 750 1545 812 Patris
1577 751 1724 812 exhibent
1747 751 1777 813 in
1800 751 1897 814 torma
1928 751 1986 814 viri
2014 753 2107 825 senis,

1364 847 1524 923 desumpta
1546 860 1584 906 ex
1607 844 1687 906 Dan.
1713 861 1781 923 rap.
1807 847 1840 916 7,
1863 863 1943 907 rers.
1963 848 1995 916 9,
2018 846 2109 908 Areti-

1364 955 1444 1016 quns
1476 939 1601 1000 dierum
1632 937 1734 1008 sedit,·
1763 939 1884 1002 ineius
1912 945 2016 1001 autem
2039 940 2108 1001 sinu

1364 1033 1571 1110 Unigenitum
1593 1031 1687 1110 ipsius
1707 1031 1833 1106 Filium,
1851 1033 2013 1094 Christum
2027 1031 2111 1092 vide-

1365 1127 1436 1190 licet
1458 1129 1557 1189 licum
1572 1136 1603 1188 et
1618 1127 1801 1202 llominem3
1817 1134 1849 1188 et
1864 1127 1948 1188 inter
1963 1134 2110 1203 utrosque

1364 1220 1547 1297 paraclitum
1568 1217 1720 1298 Spiritum
1736 1219 1884 1281 Sanctum
1900 1219 1931 1279 in
1947 1219 2046 1296 specie
2061 1233 2109 1278 eo

1366 1314 1498 1390 lumhae,
1521 1315 1571 1377 vel
1593 1315 1667 1376 duas
1698 1329 1843 1392 personas
1870 1315 1989 1376 modico
2015 1315 2109 1376 inter-

1365 1409 1444 1470 vallo
1465 1410 1618 1472 seiunctas
1640 1415 1886 1486 repraesentant,
1902 1424 1995 1472 unam
2010 1408 2110 1468 senio-

1365 1505 1405 1565 ris
1426 1504 1497 1577 viri,
1520 1503 1673 1564 nimirum
1701 1502 1809 1576 Patris,
1833 1501 1961 1563 alteram
1984 1500 2109 1573 Christi,

1365 1597 1503 1662 medium
1525 1604 1628 1658 autem
1651 1597 1735 1657 inter
1756 1596 1836 1674 ipsos
1852 1595 2003 1673 Spiritum
2019 1593 2112 1656 Sanc·

1366 1701 1432 1754 tum
1449 1693 1481 1752 in
1497 1689 1648 1762 columba,
1661 1694 1696 1750 ut
1711 1686 1896 1766 praefertur,
1910 1702 2107 1765 expressum:

1365 1783 1522 1863 Imagines
1545 1798 1616 1860 erqo
1644 1778 1830 1851 Trinitatis,
1854 1795 1933 1857 quae
1953 1777 2111 1841 01131111-

1364 1877 1414 1939 sia
1435 1874 1628 1954 parabantur,
1644 1878 1723 1936 sunt
1738 1871 1824 1944 illae,
1841 1889 1920 1950 queue
1935 1873 2034 1934 Deum
2051 1871 2111 1934 Pe·

1367 1975 1446 2031 trenr
1473 1969 1638 2030 ecrttinent
1661 1968 1696 2028 in
1718 1968 1823 2048 [eruo
1855 1965 1992 2028 heminis
2014 1967 2109 2037 senis,

1366 2063 1401 2124 in
1423 2063 1517 2124 cuius
1548 2061 1625 2122 sinu
1646 2062 1690 2121 sit
1722 2059 1884 2132 Gltrietus,
1907 2065 1938 2120 et
1966 2061 2053 2121 inter
2074 2078 2110 2120 n·

1367 2165 1515 2234 trae-mque
1544 2154 1689 2232 Spiritus
1720 2153 1857 2216 Sanctus
1880 2153 1915 2214 in
1937 2156 2042 2233 sermo
2064 2170 2112 2212 ro-

1366 2248 1508 2320 tundam,-
1529 2249 1576 2309 oet
1599 2246 1766 2322 insapiens,
1791 2246 1823 2306 in
1848 2243 1964 2323 quidus
1980 2245 2110 2306 seorsim

1366 2343 1450 2406 Deus
1472 2343 1570 2404 Pater
1598 2342 1633 2402 in
1656 2343 1760 2422 [orma
1794 2339 1930 2400 dominis
1961 2339 2057 2409 senis,
2080 2345 2110 2399 et

1365 2437 1496 2499 seorsim
1520 2435 1682 2505 Christus,
1702 2433 1755 2494 sed
1776 2433 1947 2510 propinqui
1963 2429 2064 2503 cando,
2081 2441 2110 2493 et

1367 2532 1453 2593 inter
1475 2534 1649 2606 utrumque
1673 2525 1816 2604 Spiritus
1842 2526 1980 2586 Sanctus
1996 2525 2031 2585 in
2047 2528 2110 2605 sor-

1366 2639 1417 2684 nm
1433 2618 1593 2683 columboe
1608 2620 1825 2698 affirmentur.
1840 2615 1938 2680 Verlm
1953 2622 2026 2678 sunt
2039 2617 2111 2679 Gar-

1366 2716 1475 2778 dinalis
1497 2713 1688 2792 Capisucchi,
1712 2711 1765 2788 qui
1793 2711 1897 2790 plures
1924 2724 2021 2772 annos
2043 2726 2111 2770 mu-

1367 2825 1441 2872 nere
1464 2807 1603 2884 magistri
1624 2806 1699 2868 sacri
1721 2805 1823 2882 palatii
1839 2804 1995 2882 apostolici
2009 2803 2111 2865 lauda·

1366 2904 1467 2966 hiliter
1489 2901 1613 2963 iunctus
1636 2898 1709 2974 luit;
1726 2899 1762 2976 in
1777 2897 2012 2960 Controuersiie
2029 2896 2111 2958 theo·

1364 2994 1487 3076 topicis,
1518 2999 1660 3054 centron.
1686 2992 1793 3054 XXVI.
1826 2992 1862 3054 de
1884 2990 1976 3053 cultu
2003 3007 2110 3052 scere·

1367 3107 1438 3152 rurn
1460 3088 1642 3167 inopinum
1663 3087 1681 3160 ἓ
1703 3085 1743 3146 11
1766 3087 1854 3146 01110
1867 3085 1971 3163 daem.
1994 3084 2111 3148 Similia

1366 3185 1427 3264 peti
1449 3190 1578 3262 possunt
1599 3197 1637 3243 es
1660 3181 1813 3258 praedicto
1835 3195 1926 3256 opere
1949 3186 2054 3240 nostro
2076 3179 2112 3239 de

1369 3275 1624 3340 Certaniactione
1640 3274 1833 3336 Sanctarum
1850 3269 1902 3334 tto.
1921 3271 1955 3343 4,
1972 3279 2057 3348 part.
2075 3276 2110 3344 2,

1366 3387 1433 3450 cup.
1449 3371 1508 3440 20,
1531 3383 1619 3428 aenne.
1638 3371 1670 3428 3.
1695 3365 1732 3427 Et
1754 3367 1896 3444 quamvis
1916 3365 2054 3426 Molanus
2069 3365 2114 3426 lo·
2139 3389 2339 3441 magnaeq,

1365 3480 1464 3543 quens
1486 3467 1524 3524 de
1546 3462 1599 3522 hac
1618 3459 1737 3520 ratione
1752 3459 2003 3536 repraesentandi
2020 3456 2114 3522 Sanc·
2132 3445 2165 3488 ⁸¹¹
2185 3447 2285 3488 ΜΝ
2354 3488 2355 3534 3

1367 3559 1517 3621 tissimam
1548 3553 1749 3626 Trinitatem,
1782 3569 1814 3614 ac
1845 3552 2028 3629 praesertim
2060 3552 2112 3613 uhi
2354 3569 2355 3578 ¹

1367 3652 1507 3716 Christus
1536 3649 1569 3710 in
1593 3649 1664 3708 sinu
1694 3647 1802 3720 Patris,
1830 3644 1928 3707 veluti
1957 3653 2111 3721 mortuus,

1366 3744 1557 3824 depingitur,
1591 3739 1731 3802 duhitaro
1762 3739 1915 3813 rideatur,
1939 3754 1977 3800 au
2006 3753 2114 3817 appro-

1368 3839 1430 3900 hari
1453 3835 1559 3915 possit,
1582 3841 1742 3911 propterea
1758 3833 1839 3910 quod
1855 3832 2015 3895 Christum
2030 3847 2112 3893 mor-

1368 3941 1458 3994 tuum
1479 3929 1599 3992 nemini
1621 3927 1797 4004 apparuisse
1819 3925 1951 4002 legitur3
1975 3934 2111 3988 attamen

1367 4025 1454 4087 lacile
1492 4021 1684 4098 dignoscitur
1722 4035 1814 4097 quam
1851 4017 1927 4080 levis
1963 4022 2112 4081 momenti

1366 4120 1405 4180 sit
1427 4114 1603 4179 huiusmodi
1632 4114 1804 4174 difficultas,
1835 4112 1920 4174 Licet
1942 4114 2028 4175 enim
2050 4113 2114 4176 Sal-

1368 4210 1481 4274 vatoris
1503 4207 1600 4270 nostri
1624 4208 1739 4268 mortui
1756 4206 1874 4268 nullam
1890 4208 2113 4285 apparitionem

1367 4305 1476 4367 laetam
1497 4303 1591 4364 luisse
1606 4301 1761 4377 legamus;
1778 4309 1920 4362 mortuus
1936 4309 1981 4361 est
1998 4310 2111 4375 tamen,

1368 4407 1398 4460 et
1420 4397 1518 4476 palam
1545 4396 1577 4457 in
1607 4403 1772 4471 conspectu
1804 4394 2042 4457 innumerabilis
2063 4411 2114 4474 po·

1368 4493 1433 4572 puli
1454 4489 1617 4570 expiravit.
1653 4489 1716 4551 Cur
1744 4488 1840 4564 igitur
1865 4505 1900 4551 ea
1923 4489 2032 4565 torma,
2055 4507 2114 4568 qua

1368 4588 1442 4648 olim
1465 4583 1685 4662 hierosolymis
1704 4600 1718 4642 a
1736 4591 1780 4645 tot
1795 4583 1932 4645 millibus
1948 4585 2113 4646 hominum

1369 4682 1453 4742 visus
1481 4686 1539 4754 est,
1572 4677 1698 4756 depingi
1731 4677 1839 4755 nequit
1871 4677 1966 4738 etiam
1988 4677 2019 4738 in
2041 4677 2111 4738 sinu

1370 4775 1487 4835 Patrist
1508 4780 1560 4834 aut
1582 4789 1638 4833 cur
1658 4770 1716 4832 sub
1743 4773 1849 4831 callem
1880 4770 1982 4849 specie
2002 4770 2112 4848 exponi

1370 4868 1478 4948 nequit
1499 4865 1640 4944 publicae
1660 4863 1830 4925 adorationi
1852 4863 2016 4925 fideliumt
2036 4864 2114 4938 Quo-

1369 4963 1447 5024 circa
1468 4959 1557 5022 lacile
1578 4958 1690 5022 lilolani
1717 4957 1848 5019 duhium
1875 4957 2056 5031 resolvitur,
2080 4964 2115 5018 ut

1369 5053 1510 5116 observat
1532 5052 1626 5114 etiam
1653 5051 1793 5112 laurlatus
1815 5049 1919 5128 hyala,
1941 5046 2115 5128 supradicto

1370 5147 1521 5221 lihro,cui
1537 5145 1648 5207 titulus
1664 5143 1774 5205 Pictor
1788 5141 1999 5216 christianus,
2015 5140 2112 5215 1111,

1370 5257 1439 5319 cup.
1461 5239 1494 5312 3,
1517 5253 1606 5300 ntem.
1633 5237 1684 5300 12.

1409 5335 1427 5410 ἓ
1449 5333 1498 5396 33.
1518 5333 1568 5394 llis
1584 5333 1688 5408 itaque
1704 5330 1887 5409 praemissis,
1900 5330 2045 5409 quoniam
2062 5345 2114 5409 po·
2161 5341 2333 5408 anglesiam

1371 5426 1525 5489 tissimum
1545 5423 1786 5486 tundamentum
1814 5437 1869 5500 pro
1889 5424 2070 5485 sustinenda
2092 5423 2116 5484 i·
2135 5397 2334 5504 ἷῖῧῐὲᾞῖζῖᾞζξξῗὲζ

1369 5521 1494 5597 magiae
1516 5519 1649 5598 Spiritus
1671 5516 1775 5579 Sancti
1797 5516 1853 5577 suh
1873 5516 2010 5578 humana
2028 5516 2116 5577 iuve-
2135 5503 2333 5605 ffilffluggssj

1371 5613 1419 5674 nis
1441 5613 1552 5692 specie,
1570 5611 1602 5671 in
1626 5627 1683 5672 usu
1698 5609 1924 5689 praedictarum
1941 5609 2116 5672 tabularum
2134 5616 2182 5659 turs
2298 5585 2309 5608 ⁰

1369 5707 1528 5781 statuitur,
1561 5719 1638 5784 quae
1669 5703 1902 5766 sanctissimam
1931 5703 2114 5765 Trinitatem

1370 5801 1518 5862 exlribent
1538 5799 1572 5860 in
1594 5798 1692 5860 tribus
1714 5797 1863 5877 personis,
1879 5801 2008 5873 statura,
2024 5798 2116 5859 uultu

1370 5902 1401 5956 et
1422 5892 1617 5956 lineamentis
1640 5891 1834 5972 aequalibus3
1856 5889 1969 5953 harum
1984 5905 2058 5954 vero
2074 5899 2117 5954 ta·
