4764 6972
326 475 381 535 Aa.
396 477 427 538 0.
447 479 518 538 1744
569 479 626 549 132

547 628 633 690 ribus
643 623 896 691 denunciandum
911 635 968 703 est,
981 643 1021 690 ne
1032 628 1139 692 salutis
1149 636 1294 692 aeternae

547 722 691 785 fiduciam
711 721 863 786 collocent
889 721 921 783 in
942 738 976 784 ea
1006 723 1076 798 lide,
1098 739 1203 802 quam,
1226 723 1294 785 sine

546 820 691 898 operibus
712 825 880 893 mortuam,
903 819 936 880 in
958 818 1050 882 corde
1071 824 1193 881 tantum
1210 817 1294 879 utili-

546 920 594 975 ter
614 928 799 976 conservare
820 927 908 989 posse
928 911 986 974 sibi
1008 911 1205 990 persuadent.

365 1016 462 1062 aarum
480 1015 524 1061 ιιιι
585 1007 654 1084 §8-
678 1007 811 1070 istarum
833 1021 907 1068 xero
936 1005 1026 1082 lilios,
1049 1021 1127 1084 quos
1154 1005 1293 1084 parochis

311 1067 526 1179 ffissgss’sxffl‘ic
546 1102 744 1182 baptizandos
765 1099 924 1175 exhibent,
940 1101 993 1162 ubi
1015 1116 1125 1162 eorum
1147 1101 1227 1161 ritae
1243 1116 1294 1178 pe·

312 1184 351 1220 ¹¹⁰·
545 1198 682 1260 ciculum
699 1193 871 1258 'imminere
892 1195 1046 1270 videatur,
1068 1211 1153 1258 sacro
1173 1196 1293 1258 lavacro

544 1291 671 1354 abluere
691 1290 838 1370 praedicti
850 1288 974 1369 parochi
989 1289 1121 1352 minime
1135 1290 1291 1368 dubitent;

543 1384 711 1446 admonitis
739 1384 905 1459 matribus,
934 1393 980 1459 ut,
1008 1385 1035 1446 si
1062 1385 1291 1461 convaluerint,

542 1482 623 1559 ipsos
641 1480 673 1542 in
688 1479 854 1542 christiana
872 1479 1023 1556 religione
1038 1481 1171 1542 educare
1184 1479 1291 1541 sedulo

543 1582 666 1637 curent.
689 1574 734 1635 lle
754 1573 791 1634 iis
812 1587 899 1648 vero,
922 1571 978 1650 qui
996 1572 1130 1636 validam
1151 1591 1185 1636 ac
1206 1575 1291 1636 viva-

542 1684 611 1732 cem
632 1669 768 1746 corporis
794 1666 1048 1729 constitutionem
1077 1667 1291 1746 praeseferunt

541 1771 574 1825 et
593 1763 682 1826 nullo
702 1761 915 1842 superstitioso
931 1762 1005 1837 tine,
1020 1762 1072 1823 sed
1095 1762 1188 1824 unico
1208 1764 1289 1826 salu-

542 1857 581 1919 tis
601 1857 791 1919 obtinentiae
816 1864 906 1930 voto,
929 1855 964 1916 ad
992 1855 1180 1934 baptismum
1202 1875 1217 1917 a
1238 1874 1289 1918 su·

541 1949 685 2027 pradictis
699 1946 851 2009 matribus
864 1946 1051 2024 olleruntur3
1070 1948 1219 2025 quoniam
1231 1949 1289 2010 im·

541 2040 686 2119 possibile
698 2049 743 2102 est
758 2039 897 2116 singulas
912 2055 1019 2102 rerum
1043 2041 1290 2104 circumstantias

541 2133 727 2212 expendere,
750 2148 829 2211 quae
849 2133 981 2194 suadere
1009 2141 1139 2209 possunt
1164 2134 1214 2196 vel
1236 2150 1287 2196 eos

540 2225 573 2288 in
594 2225 793 2301 evangelicae
823 2225 899 2302 legis
927 2233 958 2287 et
979 2225 1049 2288 iidei
1072 2227 1158 2290 cultu
1185 2241 1287 2305 perse-

540 2329 712 2396 veraturos,
729 2318 780 2382 vel
795 2319 960 2383 christiana
981 2319 1165 2386 educatione
1178 2322 1216 2382 ab
1230 2324 1288 2382 hu-

539 2415 674 2477 iusmodi
702 2413 853 2477 matribus
874 2413 1042 2488 fraudatos,
1072 2414 1286 2478 mahumetani

539 2509 634 2588 patris
666 2509 857 2587 impietatem
887 2515 1074 2588 sequuturos
1102 2525 1186 2586 esse;
1219 2526 1286 2587 per·

539 2601 642 2682 pensis
664 2602 756 2664 etiam
780 2601 931 2662 infantilis
946 2601 1052 2664 aetatis
1074 2602 1231 2680 periculis,
1247 2604 1286 2665 ob

538 2713 618 2774 quae
639 2696 764 2758 tertiam
779 2694 966 2774 plerumque
980 2693 1144 2758 hominum
1166 2703 1285 2774 partem

538 2797 610 2852 ante
642 2788 832 2867 completum
861 2789 1048 2850 decennium
1077 2789 1221 2866 extingui
1242 2789 1285 2850 ie-

538 2891 633 2960 runt,
655 2882 735 2946 nihil
755 2897 899 2960 expresse
921 2881 1093 2945 iubendum
1108 2897 1283 2956 censemus3

538 2977 753 3056 Ecclesiaeque
791 2975 950 3038 ministros
988 2975 1138 3039 duntaxat
1177 2971 1286 3040 horta-

538 3089 622 3150 mur,
645 3081 692 3147 ut,
715 3073 858 3133 invocato
880 3085 953 3132 cum
975 3069 1142 3147 gemitibus
1164 3071 1284 3133 lumine

537 3168 672 3248 Spiritus
688 3162 804 3238 Sancti,
820 3165 905 3226 iuxta
921 3162 1006 3224 illius
1021 3164 1150 3226 ductum
1165 3172 1198 3225 et
1212 3180 1284 3243 pru·
1321 3163 1328 3180 ⁸

303 3269 330 3315 st
345 3267 516 3327 babtizentur,
537 3261 659 3325 dentiae
679 3276 753 3322 suae
774 3257 938 3320 dictamina
959 3273 992 3318 se
1014 3265 1134 3332 gerant.
1158 3258 1284 3332 Quodsi

303 3333 393 3368 eorum
422 3325 517 3369 educu-

303 3375 369 3421 tioul
384 3376 518 3424 consulen-

304 3429 366 3476 uum
538 3372 589 3418 eos
609 3354 644 3415 ad
667 3353 856 3432 baptismum
885 3349 1005 3412 admitti
1034 3367 1121 3429 posse
1148 3352 1282 3414 credide

536 3451 612 3524 rint,
639 3463 679 3510 ne
707 3447 853 3508 omittant
879 3443 1030 3507 matribus
1058 3444 1215 3508 inculcare
1239 3447 1284 3510 di·

536 3544 675 3606 strictam
696 3538 929 3616 obligationem,
953 3555 1013 3616 qua
1039 3544 1202 3614 tenentur,
1225 3542 1283 3604 hu·

535 3635 669 3700 iusmodi
684 3633 837 3697 Ecclesiae
858 3631 941 3706 liliis,
956 3631 982 3692 si
998 3633 1034 3694 ad
1049 3633 1177 3694 rationis
1188 3649 1281 3696 usum

536 3729 750 3810 pervenerint,
774 3734 879 3788 notam
900 3725 999 3787 lacere
1026 3726 1191 3788 veritatem
1213 3727 1280 3803 llei,

534 3825 722 3901 eosdemque
743 3819 951 3898 indisciplina
967 3826 998 3880 et
1011 3821 1207 3898 correptione
1224 3821 1282 3882 Do·

534 3917 613 3979 mini
635 3919 775 3978 educare.

350 4029 515 4079 uatumonu
574 4013 593 4086 ἓ
613 4008 644 4071 9.
668 4007 747 4071 lllud
769 4008 863 4068 etlam
885 4021 980 4082 grave
1000 4023 1033 4069 ac
1055 4007 1279 4084 permolestum

300 4082 514 4132 ¹⁰¹⁸⁸⁶⁶⁰fe¹¹¹¹¹¹
533 4104 660 4168 auribus
682 4099 795 4164 nostris
815 4100 933 4174 accidit,
954 4099 1082 4162 Concilii
1105 4100 1280 4163 Tridentini

300 4137 405 4183 concilii
445 4139 512 4185 Trld.

299 4189 515 4300 issffaiiffidxssldgl
533 4201 654 4262 decreta
676 4197 714 4258 de
737 4195 935 4257 Sacramenta
957 4192 1148 4254 matrimonii
1170 4194 1207 4255 ab
1227 4195 1282 4256 ali-

300 4297 374 4342 sunu
400 4303 445 4344 aut
468 4310 514 4344 ιο·
533 4291 645 4370 quibus
667 4305 731 4352 non
754 4287 912 4349 observari
935 4286 967 4348 in
993 4285 1058 4348 istis
1085 4287 1278 4363 regionibus,

300 4349 514 4399 ¹⁸m¹¹¹d¹⁰⁰⁶⁰¹¹'
533 4387 565 4448 in
592 4385 706 4464 quibus
733 4381 869 4444 debitam
900 4395 1009 4443 eorum
1037 4380 1280 4458 publicationem

532 4479 648 4542 iamdiu
663 4483 826 4555 sequntam
842 4473 947 4549 luisse,
964 4474 1059 4550 ipsius
1073 4474 1183 4537 Albani
1198 4475 1279 4538 (lon-

532 4573 592 4637 cilii
611 4569 789 4634 testimonio
803 4568 1032 4645 comprobatur.
1049 4568 1154 4646 ltaque
1169 4585 1278 4631 omnes

532 4667 662 4728 istarum
677 4663 814 4742 partium
830 4661 937 4723 fideles
952 4661 1133 4738 supradictis
1147 4663 1279 4725 decretis

532 4758 632 4824 teneri
653 4756 856 4829 declarantes,
879 4754 968 4816 irrita
990 4754 1120 4816 omnino
1141 4763 1173 4816 et
1192 4755 1278 4818 nulla

299 4403 397 4452 tractis.

530 4867 596 4914 esse
618 4849 785 4912 delinimus
800 4855 960 4927 praetensa
975 4848 1186 4923 matrimonia,
1199 4864 1278 4926 quae

529 4961 633 5008 coram
653 4943 717 5004 solo
739 4942 911 5004 Turcarum
932 4941 1044 5016 iudice,
1067 4940 1160 5004 Gaddi
1183 4942 1274 5017 dicto,

530 5039 695 5100 ueletiam
724 5037 838 5115 absque
860 5035 934 5110 isto,
959 5051 1015 5114 per
1042 5035 1122 5098 solos
1147 5051 1277 5113 sponsos

528 5141 560 5194 et
571 5148 634 5194 uon
650 5131 685 5193 ad
700 5129 847 5209 praedicti
859 5128 1034 5193 Tridentini
1047 5129 1176 5191 concilii
1191 5146 1277 5208 prae·

527 5227 677 5303 scriptum
699 5223 938 5286 contrahuntur.
962 5223 1081 5303 Quique
1097 5223 1276 5286 huiusmodi

528 5319 630 5383 nullas
651 5325 682 5380 et
703 5317 906 5380 clandestinas
918 5318 1041 5395 nuptias
1062 5317 1275 5382 contraxerint

528 5422 559 5476 et
580 5420 648 5493 post
669 5417 839 5475 contractas
860 5411 1045 5485 convivunt,
1069 5417 1226 5490 tamquam
1242 5413 1275 5474 in

432 5513 439 5526 '
526 5506 635 5570 illicito
654 5505 857 5568 concubinatu
872 5511 1041 5579 versantes,
1055 5503 1128 5580 (nisi
1142 5505 1180 5566 de
1191 5520 1276 5582 prae-

527 5601 620 5662 terito
649 5597 874 5677 poenitentiam
896 5603 988 5673 agant
1010 5603 1041 5658 et
1063 5597 1143 5658 iusto
1170 5597 1278 5658 matri·

527 5693 634 5755 monio
654 5693 687 5754 in
704 5691 779 5753 iacie
792 5690 943 5753 Ecclesiae
965 5690 1162 5768 iungantur),
1185 5706 1202 5751 a
1223 5690 1275 5754 Sa·

528 5794 761 5850 eramentorum
782 5783 1018 5863 participatione
1039 5783 1136 5846 arceri
1158 5786 1275 5862 praeci·

526 5891 641 5964 pimus.

1071 501 1136 554 illu.
1160 501 1252 556 PONE.
1274 503 1316 555 nb
1336 502 1366 556 P·
1390 505 1420 556 E·
1444 503 1527 556 PARS
1549 503 1571 557 ι.

2127 487 2181 550 An.
2196 498 2231 552 G.
2259 490 2334 548 1741

1390 632 1409 707 ἓ
1432 631 1478 694 ιιι.
1502 632 1699 696 Matrimonia
1719 641 1824 698 antem
1845 653 1860 697 a
1882 634 2024 702 fidelibus
2038 637 2098 701 rite
2128 645 2346 710 nauricorum-

1350 731 1520 800 contracto‚
1533 725 1648 789 eisdem
1669 727 1801 790 minime
1816 730 2039 807 permittimus,
2055 746 2097 793 ne
2115 701 2346 810 ss¹ss¹3¹3ffi¹i¹0ffl

1350 818 1477 895 quidem
1506 820 1544 882 ob
1575 838 1698 884 causam
1728 839 1863 886 uxorum
1885 841 1901 884 a
1922 825 2095 888 'furcarum
2115 806 2345 916 ξῧῆᾓῖᾓξθῃξξῖξῖξ

1349 919 1440 992 raptu
1461 914 1698 990 servandarum,
1712 917 1795 980 idem
1816 934 1916 980 coram
1933 919 2026 986 Gaddi
2041 936 2096 998 per
2115 925 2183 962 ”¹⁰¹⁰
2198 913 2302 961 Μ*

1350 1014 1564 1084 procuratores
1597 1009 1714 1072 turcico
1744 1011 1807 1073 ritu
1840 1028 2009 1090 renovare3
2037 1013 2097 1076 nisi

1349 1106 1453 1164 tamen
1475 1102 1715 1165 mahumetanos
1746 1105 1928 1183 nuptiarum
1957 1106 2036 1171 ritus
2055 1107 2096 1168 sit

1349 1209 1436 1255 mere
1457 1195 1557 1257 civilis
1578 1203 1609 1258 et
1631 1196 1749 1260 nullam
1767 1196 1952 1262 hlahumetis
1973 1201 2096 1264 invoca-

1350 1287 1468 1350 tionem
1489 1297 1543 1351 ant
1564 1289 1648 1352 aliud
1669 1292 1889 1370 quodcumque
1903 1293 2096 1372 superstitio-

1349 1379 1398 1441 nis
1419 1396 1519 1458 genus
1541 1381 1689 1445 includat.
1714 1384 1777 1446 Etsi
1798 1386 1886 1447 enim
1906 1402 1970 1450 uon
1994 1401 2096 1465 perse

1348 1469 1443 1548 ipsos,
1466 1473 1517 1535 sed
1540 1489 1595 1552 per
1617 1485 1841 1554 procuratores,
1869 1478 1899 1540 id
1925 1485 2093 1557 peragant;

1348 1579 1521 1642 numquam
1543 1576 1647 1632 tamen
1670 1569 1753 1634 illius
1764 1571 1868 1633 delicti
1889 1571 2028 1634 insontes
2042 1573 2096 1634 ha·

1347 1655 1412 1718 beri
1434 1658 1560 1736 debent,
1582 1664 1663 1740 quod
1685 1663 2020 1741 ipsorumauctoritate
2041 1664 2093 1727 vel

1346 1749 1491 1814 mandato
1511 1756 1730 1819 committitur.

1385 1844 1404 1917 ἓ
1427 1845 1473 1906 ιι.
1497 1847 1600 1922 Quoad
1623 1852 1879 1928 proclamationes
1900 1869 1976 1916 vero
1994 1869 2010 1914 a
2026 1853 2092 1916 Tri·
2144 1867 2343 1914 proclamatio-

1345 1937 1474 2000 dentino
1496 1941 1636 2004 Concilio
1662 1953 1807 2022 statutas,
1831 1947 1903 2010 licet
1923 1948 1957 2012 in
1984 1946 2091 2010 Serxia
2110 1931 2159 2020 31⁰5,
2176 1922 2343 2021 fflssss's‘iffs'

1346 2031 1477 2094 minime
1491 2051 1549 2097 usu
1566 2036 1705 2100 firmatae
1718 2049 1912 2117 asserantur,
1935 2055 2033 2119 quum
2049 2047 2092 2101 ta·
2110 2034 2201 2075 ⁰⁰¹¹⁸fa
2213 2033 2326 2086 urgeat.

1345 2140 1419 2188 men
1441 2127 1473 2189 in
1497 2130 1692 2206 praelaudato
1708 2133 1847 2198 Concilio
1869 2134 1988 2198 Albano
2003 2151 2091 2214 paro-

1343 2219 1408 2281 chis
1419 2221 1512 2284 etiam
1529 2223 1656 2286 serviae
1670 2227 1931 2304 praescribantur,
1948 2229 2090 2309 edempta

1343 2314 1538 2392 dispensandi
1561 2319 1704 2381 lacultate
1720 2330 1808 2384 extra
1822 2324 1965 2400 urgentis
1986 2341 2091 2388 neces·

1341 2405 1440 2469 sitatis
1451 2411 1660 2488 occasionem3
1674 2429 1730 2475 nos
1741 2414 1822 2477 idern
1835 2416 1975 2492 omnine,
1991 2434 2089 2495 quum

1343 2499 1410 2562 lieri
1432 2512 1544 2581 potest,
1567 2506 1725 2570 observari
1746 2509 1961 2587 praecipimus,

1383 2596 1471 2670 §la
1494 2598 1579 2673 Quod
1608 2601 1633 2662 si
1661 2601 1791 2665 alicuius
1823 2603 1921 2666 fidelis
1953 2621 2032 2667 uxor
2051 2609 2087 2668 ad
2156 2631 2340 2676 caerimonia

1342 2689 1456 2757 ancus
1471 2691 1630 2768 confugiat
1643 2700 1675 2756 et
1695 2711 1769 2757 cum
1783 2696 1886 2776 aliquo
1902 2713 1939 2759 ex
1954 2697 2020 2760 istis
2035 2714 2089 2762 ne-
2107 2684 2341 2794 ξξξξξζᾞξζζξζῗῐ

1341 2781 1430 2845 iarius
1452 2785 1575 2863 nuptias
1595 2788 1779 2851 contrahere
1792 2792 1913 2868 audeat,
1930 2807 1994 2855 non
2016 2792 2088 2856 licet
2106 2793 2339 2891 ffac'ffi‘issbossii

1340 2876 1408 2937 viro
1430 2878 1521 2940 aliam
1537 2896 1668 2942 uxorem
1689 2881 1721 2943 in
1738 2882 1822 2945 illius
1837 2883 1940 2947 lucum
1962 2887 2086 2963 ducere;
2106 2901 2265 2944 contractas.

1338 2986 1439 3047 quum
1461 2974 1714 3052 matrimonium,
1737 2977 1807 3039 iure
1834 2977 1953 3056 divino,
1981 2981 2088 3043 coniu-

1340 3065 1430 3140 gibus
1450 3069 1679 3145 superstitibus,
1703 3069 1927 3146 indissolubile,
1950 3088 2006 3152 per
2030 3075 2087 3138 hu-

1340 3157 1473 3222 iusmodi
1494 3160 1635 3224 mulieris
1655 3161 1775 3225 lacinus
1796 3165 1926 3227 minime
1941 3166 2086 3229 dissolva-

1340 3257 1401 3313 tur.
1426 3253 1527 3328 Unde,
1550 3255 1605 3332 qui
1626 3256 1658 3317 in
1674 3256 1727 3318 tali
1749 3273 1819 3320 casu
1839 3257 1967 3320 alteram
1988 3261 2084 3338 ducit,

1339 3347 1534 3424 moechatum
1559 3355 1590 3408 et
1612 3349 1672 3411 nisi
1694 3350 1731 3412 ab
1752 3367 1787 3412 ea
1807 3352 1938 3414 omnino
1965 3367 2087 3431 separe·

1339 3445 1401 3514 tur,
1424 3456 1440 3500 a
1460 3442 1660 3504 sacramentis
1682 3443 1833 3506 arcendus
1852 3451 1910 3508 est.

1377 3533 1396 3606 5
1419 3532 1467 3594 13.
1482 3533 1520 3596 Et
1531 3536 1658 3612 quidem
1670 3535 1706 3597 de
1720 3537 1896 3600 huiusmodi
1911 3540 2084 3604 mulierum
2112 3553 2231 3602 mutieres
2244 3557 2338 3604 nuttr-

1335 3625 1445 3700 salute,
1469 3627 1529 3688 nisi
1544 3629 1769 3707 poenitentiam
1789 3641 1893 3709 agant,
1910 3633 1984 3711 quid
2006 3635 2085 3698 iudi·
2102 3611 2336 3718 ffififfiffiffifflffl

1335 3722 1468 3782 candum
1488 3722 1540 3796 sit,
1564 3723 1709 3786 omnibus
1723 3732 1817 3802 patet.
1841 3727 1884 3788 lle
1898 3727 2083 3792 mulieribus
2101 3717 2335 3818 ggsscffbffiffi

1335 3821 1440 3874 autem
1462 3815 1637 3878 christianis
1652 3834 1667 3878 a
1683 3817 1791 3880 'lurcis
1812 3821 1952 3898 pervim
1974 3821 2081 3900 raptis,
2101 3825 2304 3922 permanserint
2327 3861 2334 3882 ,

1335 3907 1508 3987 iisdemque
1522 3910 1677 3972 uiolenter
1695 3910 1745 3972 vel
1768 3913 1800 3973 in
1815 3913 1948 3991 pueritia
1963 3913 2080 3992 nuptis,
2100 3882 2335 3976 commum*

1336 4018 1414 4080 quae
1435 4004 1523 4067 nullo
1537 4006 1766 4068 sacramentalis
1778 4005 1849 4068 tidei
1870 4008 1938 4072 iure
1952 4009 2083 4071 coniun-

1335 4106 1412 4172 ctae,
1434 4099 1468 4160 in
1490 4099 1599 4161 illicito
1620 4098 1829 4163 concubinatu
1854 4118 1926 4164 cum
1948 4102 2082 4165 inlideli-

1335 4193 1391 4254 bus
1413 4201 1623 4271 perseverant,
1647 4193 1728 4254 idem
1750 4193 1881 4257 omnino
1902 4197 2080 4273 statuimus,

1334 4287 1416 4363 quud
1438 4287 1470 4349 in
1492 4287 1645 4366 praedicto
1671 4288 1809 4350 Concilio
1831 4289 1948 4352 hlbano
1976 4291 2082 4353 decre-

1334 4387 1401 4442 tum
1423 4381 1497 4457 iuit3
1521 4388 1556 4442 ut
1579 4381 1698 4444 scilicet
1719 4381 1780 4443 illis
1808 4381 1963 4445 Ecclesiae
1982 4401 2080 4446 sacra-

1334 4481 1441 4536 menta
1467 4474 1684 4553 denegentur3
1714 4476 1802 4538 nulla
1829 4476 1949 4538 ratione
1978 4477 2081 4539 habita

1333 4570 1383 4632 rel
1413 4577 1593 4647 praetensae
1620 4568 1746 4630 illarum
1771 4569 1804 4629 in
1832 4568 1998 4631 christiana
2020 4569 2080 4633 lide

1333 4663 1583 4742 perseverantiae
1603 4661 1655 4724 rel
1677 4662 1843 4724 violentiae
1857 4663 1888 4724 iu
1906 4663 2017 4741 puerili
2031 4679 2080 4726 ae·

1334 4763 1396 4818 tate
1411 4773 1426 4816 a
1441 4757 1549 4820 'iureis
1571 4755 1673 4818 illatae
1693 4755 1745 4817 vel
1765 4757 1858 4818 etiam
1873 4756 1954 4834 quod
1970 4755 2080 4819 unicae

1332 4858 1385 4912 aut
1405 4849 1532 4928 potioris
1553 4857 1584 4911 et
1606 4850 1703 4912 iustae
1725 4849 1832 4912 uxoris
1853 4848 1919 4911 loco
1940 4850 2079 4913 a'lurcis

1332 4944 1521 5019 habenulam
1544 4959 1642 5022 quum
1665 4941 1855 5005 istanullnm
1877 4943 1926 5004 ius
1942 4943 2079 5006 tribuant

1331 5037 1364 5100 in
1387 5036 1594 5099 concubinatu
1608 5043 1641 5098 et
1655 5035 1860 5098 fornicatione
1880 5036 2077 5112 degentibus,

1330 5131 1366 5193 ad
1388 5130 1584 5209 percipienda
1605 5139 1811 5206 sacramenta3
1835 5127 2018 5207 nullamque
2031 5145 2077 5214 sa·

1329 5224 1517 5298 cerdotibus,
1533 5224 1571 5287 ad
1585 5222 1692 5285 eadem
1708 5222 1844 5300 indignis
1860 5221 2075 5300 ministranda,

1331 5318 1497 5396 praebeant
1517 5316 1705 5380 facultatem.
1961 5371 1963 5378 ,

1370 5411 1458 5487 §tta
1483 5411 1569 5474 Circa
1591 5411 1834 5488 dispensationes
1862 5411 2075 5474 matrimonia·
2134 5419 2321 5476 nispansauo-

1330 5503 1385 5578 les,
1401 5511 1530 5565 careant
1544 5504 1685 5582 Episcopi
1698 5511 1728 5565 et
1739 5505 1923 5566 missionarii
1937 5505 2074 5580 Serviae,
2093 5487 2320 5596 ἓξῆιᾙζιῖζὲἷξῖ

1329 5610 1370 5658 ne
1384 5596 1580 5660 facultatibus
1589 5597 1646 5660 sibi
1658 5597 1696 5659 ab
1710 5597 1766 5659 hac
1782 5597 1891 5660 Sancta
1902 5596 1981 5660 Sede
1993 5613 2075 5660 com·
2094 5586 2199 5684 {323}ss
2212 5585 2319 5684 'ggssfflss

1330 5690 1493 5754 manicatis
1516 5691 1691 5754 inconsulte
1706 5689 1756 5753 vel
1778 5705 1851 5767 erga
1873 5691 2075 5753 immerentes

1331 5791 1476 5861 utantur;
1499 5799 1579 5847 neve
1601 5785 1753 5846 terminos
1781 5783 1940 5862 potestatis
1965 5783 2076 5846 transi-

1329 5876 1415 5940 liant.
1440 5877 1545 5941 Nullas
1567 5877 1672 5958 itaque
1692 5877 1947 5957 dispensationes,
1970 5893 2077 5942 conce·
