4744 6976
25 581 27 636 ᾗ
74 562 111 616 dn
121 556 144 608 0.
162 550 224 606 1745
316 559 332 596 ο

253 707 273 752 u
296 689 378 752 uiris
400 685 501 754 doctis
528 691 718 772 recognitus,
743 705 806 751 non
826 687 930 752 solunt
951 685 998 752 be·

253 785 407 865 isefioiuti,
432 787 485 850 scd
514 786 612 850 etium
643 786 698 865 qni
724 791 803 846 suut
825 785 862 846 in
882 785 994 860 suctus,

251 880 321 942 siue
343 879 499 960 beneficio.
521 881 584 955 Qua
607 881 644 942 de
665 896 710 954 re,
726 880 752 941 si
766 878 927 957 disciplina
943 880 998 942 Eo-

251 972 533 1037 clesianrientalis
544 971 859 1050 subiicitobligationi
870 977 901 1033 et
912 987 997 1049 prae-

250 1078 340 1150 cepto
361 1069 512 1133 recitandi
532 1068 670 1130 odicium
684 1066 827 1130 divinum
842 1083 927 1128 ruore
941 1084 998 1128 ua·

252 1165 353 1225 tionis
376 1162 549 1241 generatim
576 1177 684 1224 omnes
706 1161 738 1223 in
761 1161 850 1224 Sacro
882 1159 996 1224 Ordine

158 1259 161 1267 “
250 1257 452 1333 constitutos,
476 1258 585 1320 eadem
604 1271 678 1318 sane
694 1254 838 1332 obligatio
853 1254 997 1333 idemque

250 1359 453 1432 praecepium
486 1349 682 1430 persolvendi
716 1350 805 1410 horas
839 1348 998 1410 canonicas

250 1461 338 1507 more
358 1462 437 1508 suae
468 1445 612 1508 notionis
638 1442 750 1505 adiciet
777 1441 919 1504 diaconos
943 1441 999 1504 Co-

251 1539 358 1618 phtos,
391 1540 445 1618 qui
477 1555 531 1617 per
560 1537 732 1602 solemnem
760 1535 997 1598 ratificationem

883 519 1081 612 BEhEDICTUS
1102 563 1166 612 le‘.

1053 703 1142 750 crum
1163 687 1310 751 Ordinem
1332 696 1488 754 contracto
1504 688 1598 770 (quod
1614 697 1717 754 tamen
1732 705 1798 752 om·

1054 784 1127 845 nino
1149 798 1267 845 norum
1289 800 1322 846 ac
1350 783 1534 846 inusitatum
1562 799 1626 848 non
1649 794 1739 862 esset,
1762 795 1798 850 ut

1053 893 1216 957 perperam
1238 878 1382 941 nonnulli
1410 877 1623 960 arbitrantur),
1649 879 1798 944 inelucta-

1053 973 1129 1036 biles
1144 988 1209 1034 sese
1225 973 1374 1034 obiiciunt
1388 972 1582 1037 difficultates
1596 974 1630 1034 in
1645 975 1724 1036 dicta
1739 974 1799 1037 dis·

1053 1068 1234 1147 pensatione
1263 1067 1466 1145 exequutioni
1497 1068 1717 1144 demandanda.
1751 1065 1797 1129 Si-

1053 1166 1179 1244 quidem
1200 1179 1272 1226 cum
1292 1161 1373 1242 apud
1393 1163 1511 1239 fideles,
1534 1163 1626 1225 etiam
1645 1163 1798 1227 Ecclesiae

1053 1258 1228 1332 Orientalis,
1251 1257 1337 1320 nulla
1357 1257 1420 1319 sint
1440 1265 1472 1320 et
1493 1257 1579 1318 irrita
1600 1257 1798 1319 matrimonia

1053 1361 1121 1432 post
1142 1351 1270 1415 Ordines
1292 1348 1397 1414 Sacros
1418 1351 1586 1428 celebrata3
1614 1349 1798 1428 dispensatio

1054 1459 1147 1521 grave
1169 1444 1228 1506 illis
1249 1443 1426 1507 scandalum
1447 1444 1615 1522 ingereret,
1638 1451 1669 1505 et
1690 1442 1798 1506 acerbe

1718 543 1777 612 229
1827 547 1880 602 An.
1895 550 1925 603 O.
1946 543 2014 602 1745

1054 1545 1274 1616 quererentur,
1297 1537 1471 1600 maximum
1491 1537 1592 1632 indigi
1612 1537 1728 1600 vulnus
1749 1551 1799 1598 ec-

1054 1631 1237 1693 clesiasticae
1257 1631 1442 1711 disciplinae.

1093 1726 1112 1800 ἓ
1132 1725 1181 1789 bO·
1205 1725 1344 1804 insuper,
1360 1741 1432 1789 cum
1451 1743 1499 1788 res
1519 1728 1559 1788 sit
1580 1727 1618 1790 de
1639 1726 1797 1789 matrimo-
1850 1738 1876 1785 sr
1895 1738 2027 1806 disponsa-

1055 1820 1106 1882 nio
1127 1821 1159 1881 in
1180 1821 1278 1882 radice
1301 1820 1407 1895 nullo,
1431 1821 1614 1899 dispensatio
1635 1820 1797 1897 suffragari
1814 1797 2027 1896 ἒξξειῖξῖῗξξὶἱῗ

1054 1932 1117 1979 non
1139 1925 1250 1996 posset,
1272 1915 1332 1977 nisi
1353 1922 1503 1978 renovato
1522 1932 1554 1978 ac
1576 1915 1678 1978 denuo
1701 1915 1733 1977 in
1755 1915 1796 1978 fa·
1815 1910 1961 1948 ΝΜ*

1053 2011 1133 2074 ciem
1155 2009 1306 2073 Ecclesiae
1326 2009 1387 2073 rite
1407 2011 1555 2088 praestito
1575 2027 1591 2070 a
1612 2011 1796 2086 coniugibus
1960 2017 1962 2022 '

1054 2119 1215 2167 consensu.
1233 2103 1316 2165 lianc
1330 2119 1406 2165 vero
1420 2103 1654 2166 renovationem
1669 2120 1798 2166 consen-

1054 2215 1105 2260 sus
1127 2211 1241 2260 uovam
1272 2197 1402 2259 omnino
1415 2203 1418 2212 '
1433 2205 1579 2276 putarent
1600 2198 1724 2276 Oopbti,
1747 2203 1797 2265 vel

1052 2292 1180 2355 fortasse
1191 2289 1384 2368 refugerent,
1398 2299 1555 2371 tamquam
1567 2292 1691 2372 plenam
1702 2294 1795 2372 aleae,

1053 2387 1150 2467 probe
1171 2385 1392 2462 intelligentes,
1416 2403 1516 2451 uuum
1530 2395 1562 2450 et
1576 2387 1711 2451 alterum
1725 2406 1797 2452 con-

249 1641 393 1712 tempore
420 1632 514 1694 habili
542 1633 685 1694 emissam
713 1634 816 1692 denuo
837 1643 997 1690 assensum

248 1729 436 1808 praestitere
456 1726 562 1791 Ordini
584 1725 676 1789 Sacro
698 1725 730 1787 in
749 1723 886 1787 infantili
899 1729 997 1784 aetate

247 1835 406 1903 suscepto.

98 1917 231 2019 afflatas}
291 1917 311 1992 ἓ
332 1917 381 1980 bb.
405 1914 482 1979 Satis
503 1917 578 1979 haec
599 1916 697 1978 videri
714 1921 843 1995 possunt
857 1931 913 1994 pro
928 1929 997 1976 exa-

66 1988 129 2076 bbas
172 1982 186 2028 ρ
248 2011 337 2075 mine
360 2011 445 2073 tertii
467 2019 497 2094 et
518 2013 620 2090 quarti
641 2010 738 2086 dubii,
754 2025 878 2088 semper
893 2016 997 2071 tamen

247 2121 323 2185 praa
343 2104 442 2169 oculis
462 2104 564 2166 hahita
585 2103 778 2182 firmiterque
800 2109 920 2165 retenta
941 2102 997 2178 hy-

247 2200 383 2280 pothesi,
407 2201 490 2279 quod
511 2200 647 2278 quaestio
677 2198 887 2276 usquemodo
909 2194 998 2257 insti-

247 2304 318 2358 tuta
339 2295 502 2358 referenda
522 2294 562 2356 sit
583 2295 618 2356 ad
638 2292 781 2356 diaconos
796 2290 950 2353 ordinatus
965 2290 997 2351 in

247 2393 351 2470 prima
372 2396 470 2452 aetate
490 2389 554 2451 ritu
582 2389 701 2468 Copbto
725 2389 808 2451 inter
829 2386 996 2450 schismati-

247 2501 312 2560 cos,
335 2487 390 2564 qui
410 2491 478 2564 post
499 2483 637 2545 reditum
658 2484 694 2544 ad
715 2482 923 2546 Orthudoxam
943 2483 998 2543 Ec-
1053 2482 1159 2559 iugem
1185 2496 1273 2560 posse
1298 2495 1354 2558 pro
1382 2479 1469 2542 libito
1496 2481 1652 2544 abstinere
1673 2501 1688 2546 a
1712 2500 1798 2562 prae-

247 2577 386 2653 clesiam,
402 2585 434 2640 et
454 2586 522 2658 post
535 2576 788 2639 ratihabitionem
801 2575 924 2639 Ordinis
939 2575 997 2638 fac·
1052 2577 1161 2638 stando
1182 2589 1319 2650 assensu,
1343 2575 1439 2636 immo
1454 2575 1546 2653 potiri
1561 2576 1705 2640 facultate
1718 2595 1751 2640 se
1764 2593 1797 2639 se

247 2679 316 2733 tam
336 2671 417 2750 apud
437 2670 601 2734 catholicas
622 2671 655 2732 in
676 2677 759 2733 statu
785 2668 905 2744 coelibi,
928 2669 996 2729 vin·
1042 2667 1085 2730 ‘ln
1106 2669 1282 2731 libertatem
1303 2668 1492 2731 vindicandi.

247 2765 356 2832 dicent
377 2764 435 2827 sibi
456 2771 559 2845 postea
580 2763 714 2842 legitimi
734 2765 802 2826 iura
820 2763 968 2839 coniugii.
1092 2763 1111 2838 ἓ
1131 2762 1180 2824 51.
1206 2763 1381 2838 Caeterum,
1404 2769 1439 2826 nt
1461 2779 1534 2824 mox
1556 2764 1729 2839 innuimus,
1749 2764 1796 2828 in·
1847 2771 1965 2821 recurras
1980 2773 2028 2838 qus

66 2853 230 2954 afflig&
290 2859 382 2935 §ab
401 2860 441 2922 At
463 2859 611 2938 suspicari
633 2859 721 2922 nobis
743 2875 806 2921 non
830 2867 948 2922 temere
962 2859 998 2920 li·
1053 2857 1153 2920 dubiis
1174 2856 1393 2920 ecclesiasticae
1414 2856 1561 2920 historiae
1582 2859 1796 2922 monumentis
1814 2826 2028 2928 ffifffifflffi

66 2965 171 3006 eranum
187 2960 230 3006 ua·
248 2963 312 3030 cet,
335 2954 472 3017 crebrius
494 2955 526 3018 in
549 2954 635 3033 praxi
657 2953 753 3016 alium
774 2953 838 3016 dari
862 2969 997 3015 casuma

68 3017 230 3068 camoranu-
1053 2954 1230 3026 edocemur,
1253 2950 1325 3012 allas
1346 2950 1556 3029 dispensatum
1577 2952 1681 3029 fuisse,
1704 2959 1740 3016 ut
1760 2953 1795 3018 O
1815 2944 1892 2984 ΟΜ·

25 4279 26 4296 s
79 4263 231 4311 lististuiurs

71 4317 231 4364 timoribusse·

25 4373 27 4384 ’
71 4371 146 4422 amati.

99 5661 123 5706 tu
134 5675 170 5730 up

77 5709 233 5770 *tributorum

77 5771 172 5819 aueum
251 5767 337 5831 conis
364 5766 560 5846 dispensetur
580 5765 613 5828 in
634 5765 833 5829 matrimonio
854 5773 921 5846 post
942 5765 993 5829 Sa-

67 3071 231 3124 uconnam
249 3051 418 3130 praemissa
439 3049 603 3129 hypothesi
625 3049 718 3126 longe
739 3047 909 3111 diversum.
927 3047 996 3111 Sae-

67 3122 231 3222 ssfflffisssff
249 3144 380 3223 pissime
406 3143 524 3205 etenim
555 3142 696 3218 contigit,
719 3159 735 3203 a
757 3141 896 3204 Diaconis
917 3141 996 3220 apud

248 3237 460 3301 schismaticos
488 3237 520 3298 in
543 3241 642 3298 aetate
672 3234 808 3296 infantili
835 3234 995 3310 ordinatis,

247 3332 305 3395 ubi
326 3340 408 3394 aetas
428 3329 574 3405 adolevit,
597 3335 693 3391 ratam
715 3328 820 3391 haberi
837 3327 917 3409 apud
932 3345 998 3390 eos-

248 3427 323 3490 dem
342 3425 552 3488 schismaticos
572 3422 810 3499 ordinationem,
825 3424 851 3485 si
865 3438 929 3486 non
946 3439 997 3486 ex-

247 3536 365 3599 presse,
387 3519 497 3581 saltem
512 3515 615 3592 tacite,
634 3533 661 3578 v.
680 3531 726 3592 gr.
744 3516 948 3584 ministrando
962 3523 996 3584 in

247 3612 365 3676 Ordine
385 3617 542 3690 suscepto;
566 3617 597 3671 et
618 3609 655 3672 ab
675 3609 747 3688 ipsis
772 3611 903 3674 subinde
925 3632 995 3679 con-

246 3707 332 3769 trahi
351 3706 600 3770 matrimonium.
623 3705 757 3766 Demum
774 3705 811 3766 ab
825 3708 994 3786 erroribus,

247 3801 282 3862 in
305 3800 417 3880 quibus
438 3807 615 3875 versantur,
638 3807 793 3877 quaeruut
814 3801 847 3863 in
861 3801 933 3863 sinu
948 3820 996 3866 oa-

247 3895 383 3958 tholicae
403 3893 556 3958 Ecclesiae
576 3893 709 3956 salutare
729 3894 919 3973 perfugium,
940 3896 997 3958 sub

246 4005 304 4068 spe
323 3995 430 4050 tamen
451 3989 637 4052 obtinendae
656 3987 891 4068 dispensationis
904 4005 996 4068 super

248 4082 452 4145 matrimonio
467 4083 528 4144 iam
543 4083 633 4158 inito,
649 4089 685 4144 ut
699 4081 731 4144 in
745 4089 827 4146 statu
841 4082 997 4160 coniugali

248 4175 391 4253 legitime
411 4183 623 4254 perseverent.

292 4269 310 4343 5
331 4267 381 4328 tu.
401 4269 495 4332 Casus
517 4267 576 4330 iste
597 4283 658 4346 quo
679 4267 872 4347 frequentior
886 4275 943 4345 est,
958 4284 996 4329 ea

249 4361 345 4424 etiam
373 4363 526 4441 explicatu
558 4361 722 4425 difficilior.
753 4363 891 4438 Etenim,
912 4364 939 4424 si
960 4364 995 4425 ad

248 4456 390 4519 tramites
416 4457 479 4517 iam
509 4468 714 4534 expensarum
745 4455 903 4517 rationum
930 4453 996 4532 ipso

248 4550 319 4613 iure
339 4549 427 4612 irrita
447 4556 522 4611 sunt
543 4548 739 4612 matrimonia
760 4555 828 4627 post
848 4547 996 4611 Ordinem

248 4645 381 4724 Sacrum
395 4651 566 4720 contracta,
584 4642 755 4705 necessario
769 4641 922 4721 sequitur,
934 4641 996 4704 dia·

246 4753 342 4800 conos
363 4738 396 4799 in
417 4737 521 4799 reditu
541 4753 557 4796 a
584 4735 749 4799 schismate
778 4737 814 4798 ad
841 4737 995 4798 unitatem

247 4831 403 4894 Ecclesiae
425 4846 489 4892 non
510 4845 597 4909 posse
619 4829 710 4908 pedes
726 4836 832 4892 tenere
847 4829 880 4891 in
896 4830 996 4892 divar·

246 4924 301 4998 sis,
324 4940 424 4986 unum
447 4925 481 4985 in
502 4923 628 4998 divinis,
655 4922 788 4986 alterum
813 4923 846 4985 in
868 4923 995 4985 carnali·

247 5016 322 5093 bus,
351 5018 405 5080 sed
435 5017 519 5079 illico
549 5017 683 5095 separari
713 5015 825 5078 debere
847 5033 863 5077 a
885 5017 994 5096 quovis

248 5110 356 5172 uxoris
377 5109 542 5172 consortio.
565 5109 638 5184 Quis
656 5109 715 5172 erit
729 5117 846 5186 tamen,
863 5109 916 5189 qui
931 5125 994 5171 non

249 5207 391 5280 agnoscat
419 5219 453 5265 ae
480 5203 627 5278 fateatur,
660 5203 738 5264 hanc
766 5203 995 5283 'separationem

249 5312 379 5374 gravem
393 5297 514 5360 obicem
529 5297 694 5360 obtrudere
708 5297 945 5377 properantibus
960 5298 994 5359 in

249 5389 333 5452 riam
345 5390 463 5466 salutis,
479 5407 513 5453 ac
526 5391 699 5469 plurimum
715 5391 846 5466 obstare,
863 5407 903 5453 ne
917 5391 994 5453 inita

249 5485 288 5546 de
307 5484 512 5547 conversione
538 5482 664 5547 consilia
686 5482 722 5546 ad
743 5485 862 5547 exitum
883 5482 996 5565 perdu-

250 5581 379 5641 canturi

171 5665 233 5715 ’Μ
290 5671 379 5748 §lb
404 5673 429 5735 E
450 5679 558 5735 contra
579 5687 665 5748 uero,
680 5673 706 5734 si
727 5671 814 5735 facile
835 5688 907 5735 oum
927 5673 995 5734 Dia-

295 5986 324 6047 (1)
339 5985 449 6032 videtin·
462 5983 602 6046 legendum
616 5988 789 6032 nestoriana.

1053 3046 1199 3110 rieutales
1223 3047 1259 3108 ad
1284 3045 1439 3108 unitatem
1463 3047 1629 3110 redeuntes
1654 3063 1796 3128 perseve-

1053 3149 1158 3204 rarent
1179 3141 1212 3202 in
1234 3140 1358 3202 foedere
1384 3141 1575 3204 matrimonii
1602 3148 1669 3220 post
1690 3141 1797 3205 Sacros

1053 3234 1182 3298 Ordines
1212 3234 1370 3298 contracti.
1405 3235 1593 3313 Exemplum
1619 3235 1797 3298 huiusmodi

1053 3327 1287 3406 dispensationis
1313 3328 1461 3390 exhibent
1488 3329 1669 3408 apostolicae
1689 3331 1798 3392 literae

1052 3422 1103 3485 fel.
1127 3440 1189 3487 rec.
1213 3423 1386 3485 Innocentii
1410 3422 1459 3486 lV.
1482 3413 1721 3502 praedecessoris
1743 3441 1797 3487 no·

1052 3519 1108 3582 stri
1129 3534 1211 3580 anuo
1232 3534 1383 3582 nccxurv.
1407 3518 1494 3581 datae
1515 3519 1550 3580 ad
1566 3521 1750 3597 magistrum
1766 3527 1797 3582 et

1051 3615 1168 3692 priores
1183 3612 1315 3674 fratrum
1330 3612 1578 3675 Praedicatorum
1593 3615 1706 3678 Terrae
1720 3615 1795 3678 San·

1053 3715 1129 3781 ctae,
1151 3704 1263 3784 quibus
1291 3706 1374 3768 idem
1401 3705 1543 3769 Pontifex
1569 3709 1652 3770 inter
1672 3708 1729 3770 alia
1750 3709 1797 3771 in-

1052 3799 1171 3876 dulget,
1188 3806 1223 3862 ut
1243 3814 1299 3878 per
1312 3799 1423 3863 fratres
1438 3801 1511 3863 dicti
1525 3800 1657 3877 Ordinis,
1679 3801 1734 3880 qui
1748 3804 1798 3865 de·

1051 3898 1216 3971 putantur
1227 3893 1268 3956 ud
1279 3894 1533 3971 praedicundum
1544 3893 1705 3968 locabitis,
1720 3897 1797 3961 Neo·

1052 3988 1160 4049 stritis
1181 3986 1238 4068 (l),
1263 3985 1458 4068 Giorpicuis,
1480 3989 1618 4063 Graecis,
1634 3989 1793 4068 drinonis,

1052 4081 1237 4154 Maronitis,
1251 4081 1443 4161 Massalia-is,
1456 4081 1592 4160 aliisque
1607 4081 1796 4147 nationibus

1053 4173 1088 4234 in
1108 4172 1258 4251 partibus
1282 4172 1502 4239 Orientalibus
1525 4178 1714 4240 constitutis
1736 4186 1794 4242 etc.

1053 4267 1232 4345 dispensari
1264 4268 1382 4342 valcat,
1405 4277 1444 4333 ut
1472 4269 1524 4333 itii
1546 4287 1585 4333 cu
1607 4270 1796 4335 nationibus

1053 4363 1245 4435 numeratis,
1269 4365 1324 4441 qui
1344 4369 1416 4442 post
1436 4367 1671 4444 susceptionem
1686 4364 1796 4429 Sucro-

1053 4472 1127 4517 runt
1161 4454 1328 4529 Ordinuru,
1362 4455 1410 4518 uel
1432 4459 1467 4519 iu
1488 4456 1643 4538 gradibus
1663 4465 1694 4521 et
1717 4460 1799 4521 casi-

1053 4547 1110 4612 bus
1131 4565 1151 4610 u
1173 4548 1284 4612 diviua
1306 4550 1437 4612 asinina
1458 4549 1523 4632 lupe
1543 4549 1716 4629 prohibitis
1730 4568 1796 4615 mu-

1054 4643 1209 4706 trirnoniu
1223 4648 1470 4717 contruncarunt,
1486 4651 1672 4708 remaneant
1688 4647 1723 4707 iu
1737 4647 1797 4707 cis·

1054 4735 1131 4797 dem.
1155 4737 1245 4799 Extat
1276 4737 1428 4800 dictarum
1455 4738 1618 4802 literarum
1639 4740 1797 4819 exemplar

1052 4831 1269 4893 authenticum
1300 4831 1414 4893 Romae
1442 4831 1474 4893 in
1500 4833 1634 4896 hrchiro
1661 4833 1795 4910 Ordinis,

1052 4925 1242 5002 exscriptum
1268 4925 1305 4987 ad
1327 4925 1420 4987 iidem
1449 4927 1628 5006 autographi
1651 4927 1797 4990 asservati

1052 5017 1084 5078 in
1105 5017 1252 5080 coenobio
1281 5017 1481 5094 viterbiensi,
1505 5026 1539 5082 ut
1568 5020 1674 5083 videre
1695 5028 1742 5082 est
1763 5021 1796 5083 in

1051 5111 1220 5173 novissimo
1237 5111 1374 5173 Bullario
1388 5113 1601 5188 Dominicano,
1618 5113 1700 5176 edito
1715 5122 1746 5175 et
1761 5113 1795 5174 il-

1051 5203 1181 5266 lustrato
1203 5205 1239 5266 ab
1259 5204 1394 5268 Antonio
1415 5206 1570 5270 Bremond
1585 5206 1658 5270 dicti
1673 5205 1796 5270 Ordinis

1051 5297 1330 5374 domnotoni,
1354 5315 1426 5380 pap.
1452 5300 1528 5362 136.

1091 5391 1178 5467 552.
1204 5391 1262 5455 Sed
1284 5394 1358 5456 baec
1380 5395 1520 5474 exempla
1535 5394 1613 5458 tanti
1629 5409 1693 5456 non
1707 5401 1793 5469 sunt,
1856 5399 2024 5505 slxxsfisatnar
2062 5435 2068 5454 .

1050 5493 1085 5547 ut
1107 5501 1163 5547 nos
1193 5485 1297 5547 statim
1318 5502 1353 5548 ea
1384 5488 1472 5566 sequi
1504 5487 1649 5550 velimus.
1681 5488 1716 5550 ln
1737 5487 1795 5550 boc
1812 5466 1897 5506 ‘⁰³⁰¹'
1920 5469 1941 5505 ⁰·

1050 5580 1138 5656 gravi
1158 5579 1295 5656 negotio,
1318 5579 1350 5642 in
1372 5596 1433 5659 quo
1454 5581 1554 5644 multa
1575 5583 1696 5655 desunt,
1716 5595 1796 5660 quae

1049 5674 1128 5736 scitu
1150 5674 1241 5750 digna
1256 5679 1339 5750 sunt,
1356 5675 1519 5738 haeremus
1533 5675 1647 5752 adhuc3
1664 5683 1694 5737 et
1710 5691 1794 5754 prae·

1049 5767 1176 5846 cipuum
1193 5767 1368 5846 pontificiae
1381 5767 1584 5832 solicitudinis
1598 5783 1714 5833 munus
1728 5783 1794 5834 esse
