4838 6982
126 595 178 646 An.
193 595 222 644 c.
244 595 314 646 1753

343 726 468 803 gatione
492 742 586 788 veno.
608 726 742 789 fratrum
757 730 937 787 nostrorum
952 721 983 785 S.
1000 721 1036 782 n.
1051 719 1086 781 E.

343 819 554 882 Cardinalium
590 819 724 896 negotiis
758 816 973 896 Propagandae
1002 813 1088 878 Fidei

343 914 585 992 praepositorum
607 912 739 979 adbibita
760 911 891 972 fuerunt
908 908 1089 987 apostolieae

343 1006 555 1085 providentiae
570 1006 705 1068 remedia
727 1011 758 1066 ιι
772 1001 962 1066 auctoritatis
977 1001 1086 1076 officia,

343 1115 398 1163 nos
419 1100 506 1162 facile
527 1099 683 1163 adducunt
703 1107 739 1160 ut
754 1099 925 1172 credamus,
943 1095 1028 1156 vobis
1043 1111 1088 1154 sa-

344 1193 380 1254 tis
394 1208 551 1270 superque
565 1192 789 1270 comprobasse,
804 1189 914 1269 quanti
929 1189 1088 1250 nationem

343 1292 478 1347 vestram
499 1285 655 1348 faciamus.

141 1380 324 1476 Οὲιθιῑβιῑθῑ
382 1380 402 1454 5
424 1380 451 1441 t.
476 1377 596 1441 ilerum
616 1379 682 1440 fore
697 1378 729 1440 in
745 1377 876 1440 Domino
891 1377 1085 1452 confidimus,

108 1443 323 1549 fliriqfissit‘fffl
343 1481 378 1534 ut
400 1472 612 1534 incredibilem
643 1472 819 1550 pontificiae
851 1471 995 1544 caritatis
1028 1486 1087 1547 qua

106 1540 324 1654 ssi‘iss'ss'ssfflivssfs
342 1566 482 1629 eamdem
514 1565 694 1628 catholicam
724 1566 882 1628 nationem
911 1563 1087 1626 liutberram

106 1656 188 1690 ΜΝ·
342 1660 572 1739 prosequimur,
595 1659 844 1735 magnitudinem
867 1657 963 1734 magis
978 1656 1088 1732 magis-

341 1769 402 1834 que
422 1752 605 1828 intelligatis
627 1767 665 1812 ιι
686 1751 753 1813 aliis
780 1752 953 1830 apostolicis
974 1751 1088 1812 nostris

342 1848 374 1908 in
396 1846 489 1908 simili
513 1845 612 1906 formai
632 1845 736 1907 brevis
764 1845 863 1908 literis
885 1845 934 1906 die
956 1862 984 1905 v.
1009 1845 1088 1924 apri-

341 1940 378 2001 lis
399 1955 554 2001 unccuur.
579 1938 775 2017 pontificatus
797 1938 895 2000 nostri
917 1954 999 1999 auno
1014 1953 1085 1998 xrrr.

341 2035 375 2094 ad
398 2031 536 2094 futuram
558 2032 603 2092 rei
632 2033 815 2093 memoriam
844 2033 932 2106 datis,
955 2047 1087 2110 quarum

341 2127 466 2189 initium
483 2132 527 2188 est
551 2124 911 2188 Comntcadctt'asimrcac
926 2126 1085 2196 studium,

341 2227 371 2282 et
385 2235 517 2298 quarum
533 2219 685 2297 exempla,
702 2219 781 2297 typis
796 2218 936 2281 eiusdem
953 2221 1087 2295 Congre-

340 2313 471 2391 gationis
501 2313 659 2390 impressa,
676 2327 748 2374 'una
770 2312 899 2374 insimul
930 2313 1013 2374 bisce
1033 2328 1087 2374 no·

338 2407 422 2480 stris,
440 2405 520 2484 typis
539 2407 630 2466 etiam
647 2405 744 2468 dictae
759 2407 1015 2484 congregationis
1030 2406 1088 2466 im-

340 2501 463 2579 pressis,
479 2499 610 2576 adligata
628 2502 733 2562 advos
751 2499 983 2561 transmittenda
1000 2515 1087 2561 man-

133 2601 321 2676 eutuseonsrr·
340 2595 457 2655 damus.
481 2593 575 2654 Porro
607 2601 729 2672 praeter
754 2593 877 2654 easdem
907 2593 1010 2654 literas
1033 2609 1086 2654 no-

104 2657 321 2764 illifilfbii'.
339 2693 416 2747 stras
438 2687 471 2748 ia
493 2686 645 2747 mandatis
674 2686 826 2760 dedimus,
850 2695 885 2748 ut
905 2701 960 2763 pro
989 2687 1086 2762 magis

104 2763 320 2859 ffuunssjag‘ffissdw
338 2789 546 2840 consentaneo

339 2873 387 2934 nis
409 2873 441 2934 in
464 2871 601 2948 Collegio
623 2870 777 2932 Wilnensi
809 2872 894 2932 iuxta
917 2872 1013 2933 ritum
1035 2887 1085 2932 re-

338 2973 440 3026 strum
462 2965 661 3027 instituendis
682 2964 821 3041 proiectu
842 2964 990 3026 arandara
1006 2965 1085 3027 Gon-

339 3057 521 3134 gregatione
543 3057 579 3120 de
608 3056 806 3135 Propagandi
838 3055 911 3119 Fide
936 3059 1085 3120 coustitu-

338 3153 439 3212 tiones
461 3157 490 3211 et
512 3149 639 3226 regulae
667 3152 811 3224 edantur,
835 3166 913 3227 quae
935 3151 971 3212 ad
993 3151 1086 3212 maio-

337 3258 406 3304 rem
435 3242 615 3318 utilitatem,
648 3241 909 3320 quemadmodum
937 3243 1024 3304 nobis
1052 3243 1085 3304 in

338 3335 471 3398 Domino
492 3351 693 3412 auguramur,
710 3333 889 3413 profuturae
904 3344 1082 3398 censentur.

132 3447 318 3510 episcoporum
377 3429 446 3504 ἐι.
471 3428 528 3491 Sed
552 3429 655 3490 omnia
675 3437 708 3490 ιι
729 3428 850 3505 singula
872 3428 1004 3501 anobis,
1020 3428 1085 3489 sive

103 3500 319 3598 ᾗῖᾞῗθῗῗξὲἓζῗὲἰ
336 3529 450 3584 statuta
480 3520 658 3584 huiusmodi
679 3522 746 3583 sire
775 3519 949 3596 statuenda,
973 3521 1085 3583 timen-

102 3607 319 3706 gijlgffiflstffl
337 3615 412 3676 dum
434 3623 491 3690 est,
516 3631 554 3676 ne
576 3623 755 3694 exoptatum
778 3617 900 3677 anobis
914 3617 1086 3679 sortiantur

104 3713 183 3768 pianr.
337 3710 495 3785 eftectum,
517 3709 576 3770 nisi
598 3708 725 3786 provida
745 3710 839 3770 etiam
854 3708 1083 3772 fraternitatum

338 3811 513 3866 vestrarum
534 3802 721 3877 sollicitudo,
743 3803 862 3864 assidua
877 3802 1037 3879 vigilantia
1054 3811 1084 3866 et

336 3903 475 3959 accurata
487 3895 647 3972 diligentia
659 3896 828 3957 accesserit.
839 3896 1007 3974 llapropter
1018 3913 1082 3971 vos,

337 4005 432 4050 venri.
457 3989 577 4065 iratres,
600 4005 743 4066 rogamus
766 3996 796 4050 et
816 3989 848 4050 in
868 3989 998 4051 Domino
1014 3991 1084 4052 lior·

337 4089 451 4158 tamur,
467 4092 502 4144 ut
516 4083 654 4161 primum
669 4081 811 4144 omnium
827 4083 992 4144 maximam
1008 4084 1082 4145 cleri

336 4175 510 4252 saecularis,
532 4175 564 4235 in
587 4177 673 4237 cuius
688 4175 860 4236 subsidium
875 4175 977 4238 eleros
994 4191 1083 4253 regu*

335 4268 408 4330 laris
429 4275 555 4330 vocatus
575 4268 644 4343 fuit,
663 4283 768 4331 curam
784 4268 924 4330 alacriter
938 4269 1082 4348 suscipia-

337 4361 387 4437 tis,
402 4369 637 4440 susceptamque
659 4370 787 4422 strenue
801 4377 914 4436 urgere
928 4364 1079 4438 satagatis.

108 4458 317 4532 crarusrnrgno-
375 4457 394 4530 ἓ
409 4455 436 4517 3.
455 4454 545 4516 Vobis
559 4469 631 4516 sane
644 4454 855 4532 praesentibus
868 4456 976 4532 magis,
989 4473 1081 4535 quam

101 4517 316 4628 iiiitiiat‘fiz'ireeii
336 4551 424 4612 nobis
446 4549 633 4623 absentibus
653 4557 847 4624 compertum
870 4557 915 4610 est
936 4567 969 4611 ac
991 4552 1082 4612 rebus

101 4620 318 4719 i'‡g¹,¹1}21‘2‚„3·ffl2⁸.'
336 4644 409 4723 ipsis
431 4642 637 4720 exploratum,
660 4649 773 4719 quanta
790 4643 869 4718 apud
885 4658 939 4702 vos
955 4643 992 4703 sit
1008 4643 1082 4704 cleri

101 4725 214 4782 gugnur.
334 4737 497 4800 saecularis
529 4735 720 4811 ignorantia3
750 4749 842 4811 quam
868 4750 932 4794 noo
957 4735 1081 4797 aliunde

334 4839 440 4891 ortum
462 4842 646 4906 causamque
668 4827 778 4888 babere
799 4842 863 4888 non
882 4828 1079 4904 ambigimus,

333 4939 428 5002 quam
449 4923 561 5000 partim
580 4937 618 4982 ιι
633 4919 853 4996 magistrorum
868 4920 936 4982 illos
952 4924 1081 4984 edocen-

334 5019 414 5081 tium
446 5015 587 5094 penuria,
620 5014 732 5092 partim
764 5030 800 5075 ιι
823 5012 909 5075 nulli
940 5013 1013 5092 ipsis
1035 5015 1079 5076 in-

333 5111 436 5175 iuncta
456 5125 565 5172 rerum
587 5109 794 5186 gerendarum
814 5107 897 5182 cura,
915 5109 1028 5186 partim
1043 5125 1081 5170 ex

332 5204 417 5266 nulli
438 5219 511 5280 erga
542 5204 664 5264 eosdem
698 5201 823 5262 illorum
853 5202 905 5280 qui
934 5211 1080 5280 praesunt

332 5298 491 5375 diligentii
512 5305 544 5358 et
564 5294 771 5370 solicitudine,
794 5311 854 5372 qua
868 5295 1006 5355 suaviter
1020 5296 1079 5356 ior-

333 5393 469 5468 titerque
490 5389 525 5450 ad
556 5389 656 5450 studia
687 5386 869 5466 capessenda
899 5396 929 5450 et
958 5390 1078 5464 negotia

332 5483 534 5546 ecclesiastica
565 5482 704 5544 obeunda
736 5479 931 5542 oblectentur
953 5488 983 5543 et
1005 5481 1080 5543 inci·

332 5587 450 5639 tentor.

135 5676 252 5738 sinodus
272 5679 314 5722 aa.
372 5671 440 5746 §b
465 5672 510 5733 td
533 5670 607 5732 baec
628 5669 714 5731 omni
737 5669 843 5748 procul
866 5669 957 5730 dubio
980 5685 1075 5730 ιιιι.

102 5741 208 5774 mosciae
231 5731 313 5776 decre·
683 5765 686 5774 .
809 5763 811 5767 Α
1036 5764 1041 5774 .

102 5784 144 5845 su,
161 5789 190 5828 ιι
205 5784 313 5838 quilibet
332 5763 441 5826 fratres
472 5771 602 5838 vestrm,
636 5781 689 5842 qur
720 5763 874 5840 synodum
906 5763 1078 5825 Zamoscrae

100 5837 314 5936 ffaffffisscflffiss
335 5858 418 5918 tanta
435 5872 508 5918 cum
523 5857 656 5918 nationis
671 5865 791 5919 restrae
806 5855 897 5917 laude
910 5863 1001 5933 atque
1019 5857 1077 5917 uti·

101 5955 153 5989 ιιι]
174 5944 286 5991 baberet.
333 5949 418 6012 litate
439 5949 646 6025 celebrarunt,
662 5950 842 6030 extirpanda
859 5948 936 6010 maia
952 5958 982 6012 et
998 5949 1076 6012 bona

979 599 1174 648 badabiones
1197 601 1259 646 xiv.

577 2778 820 2842 adolescentibus
848 2787 969 2840 vestrae
990 2779 1088 2840 natio·

1815 580 1873 642 5¹19
1924 577 1977 628 Δι.
1994 577 2023 627 G.
2045 575 2113 626 1753

1145 719 1259 782 semina
1281 720 1452 801 spargenda
1475 721 1643 802 respexisse
1664 736 1719 799 pro
1740 725 1826 781 certo
1840 717 1893 778 ba·

1146 813 1266 889 bemus,
1288 832 1359 876 cunr
1380 832 1453 877 sess.
1477 817 1506 890 6,
1531 816 1578 877 ιιι.
1597 815 1614 877 7
1636 815 1672 876 dc
1696 807 1891 892 officialibus

1144 911 1332 984 statuerunt,
1349 915 1384 970 ut
1401 909 1532 987 quilibet
1547 909 1715 988 Episcopus
1730 903 1892 966 officialem

1145 1001 1253 1062 babeat
1272 1003 1473 1077 saecularem,
1489 1003 1514 1062 si
1530 1002 1612 1063 inter
1625 999 1795 1063 saeculares
1811 998 1891 1076 quis-

1146 1095 1224 1172 piam
1245 1096 1281 1157 ad
1302 1100 1359 1158 boc
1380 1095 1518 1158 officium
1539 1097 1667 1159 idoneus
1699 1093 1887 1155 inveniatur.

1183 1190 1202 1263 §
1223 1190 1251 1251 5.
1275 1190 1426 1265 Quoniam
1447 1200 1550 1252 autom
1573 1190 1602 1250 in
1624 1191 1678 1250 sua
1692 1189 1823 1267 quisque
1837 1202 1891 1248 ve-
1946 1193 2059 1258 episcopt
2076 1194 2125 1256 iu·

1143 1292 1245 1345 strum
1267 1284 1398 1344 dioecesi
1419 1286 1504 1358 (sunt
1528 1292 1631 1345 tamen
1651 1283 1704 1362 qui
1720 1281 1825 1358 plures
1839 1280 1892 1340 ha·
1911 1249 1988 1347 iiai's'i
2002 1257 2125 1364 ῗὲἒιῗὲῗιῗ

1145 1377 1217 1438 bont
1239 1377 1379 1438 ecclesias
1401 1374 1601 1455 cathedrales)
1623 1375 1822 1454 quamplures
1843 1391 1890 1435 re·
1912 1357 2067 1456 fflssmffi
2090 1365 2122 1398 '¹‘

1144 1468 1245 1530 tinere
1262 1469 1353 1531 debet
1369 1471 1527 1532 ministros
1541 1478 1572 1531 et
1587 1469 1739 1543 odioiales,
1757 1483 1890 1548 quorum

1144 1567 1234 1642 opera
1258 1565 1288 1626 in
1318 1567 1400 1626 recti
1431 1567 1611 1626 earumdem
1643 1563 1817 1624 dioecesum
1841 1579 1892 1622 ve-

1143 1666 1278 1721 strarum
1300 1659 1516 1736 procuratione
1537 1665 1567 1719 et
1583 1656 1716 1734 negotiis
1730 1656 1777 1718 uti
1792 1654 1891 1716 valea-

1144 1752 1193 1826 tis,
1210 1751 1418 1813 fraternitates
1434 1760 1555 1813 vestrae
1569 1751 1652 1812 viros
1668 1750 1824 1826 regulares
1839 1767 1892 1829 po·

1146 1845 1319 1922 tius-quam
1343 1845 1511 1906 saeculares
1532 1843 1566 1904 ad
1591 1843 1762 1906 ministeria
1786 1843 1891 1905 buius·

1143 1937 1225 1998 modi
1247 1935 1448 2000 substinenda
1470 1937 1586 2013 eligere
1605 1937 1730 2013 optatis:
1749 1951 1806 1998 nec
1822 1952 1889 2010 nos,

1143 2031 1195 2108 qui
1216 2033 1311 2108 aequa
1329 2030 1416 2092 lance
1431 2047 1478 2092 res
1494 2029 1709 2108 expendimus,
1726 2028 1815 2104 fallit,
1831 2028 1890 2091 ira-

1144 2125 1303 2186 ternitates
1325 2133 1441 2185 vestras
1473 2125 1541 2185 ideo
1563 2123 1640 2186 banc
1671 2131 1778 2184 tenere
1801 2123 1891 2184 ratio·

1143 2233 1227 2290 nem,
1250 2217 1331 2296 quod
1354 2218 1511 2293 regulares
1535 2217 1630 2294 magis
1651 2216 1713 2294 apti
1735 2224 1766 2278 et
1789 2216 1890 2278 idonei

1142 2312 1220 2389 apud
1247 2327 1302 2370 vos
1330 2310 1542 2386 reperiantur,
1570 2325 1626 2370 nec
1653 2319 1815 2386 propterea
1840 2325 1889 2370 su-

1141 2411 1280 2482 sceptum
1303 2404 1469 2466 consilium
1491 2403 1733 2480 institutumque
1751 2411 1890 2464 restrum

1142 2496 1339 2572 damnamus;
1373 2497 1447 2570 imo,
1473 2497 1554 2558 sicut
1586 2497 1758 2570 laudamus,
1787 2496 1826 2557 ita
1853 2496 1890 2557 ob
1910 2491 2124 2592 nefiifssfnffflfffiff

1142 2590 1246 2651 oculos
1278 2588 1364 2651 vobis
1395 2605 1511 2666 ponere
1542 2605 1605 2651 non
1638 2590 1823 2662 omittimus,
1851 2605 1889 2650 er
1911 2558 2073 2670 Ιιιιιὲοιιξιιι
2098 2604 2122 2644 ιι

1142 2683 1298 2758 neglectu,
1322 2689 1355 2743 ut
1378 2683 1418 2742 ita
1448 2682 1597 2756 dicamus,
1621 2682 1694 2744 cleri
1726 2683 1889 2744 saecularis
1910 2653 2122 2752 &malagranato-

1142 2774 1279 2838 eiusdem
1310 2775 1477 2854 provenire
1505 2776 1724 2850 ignorantiam.
1755 2776 1890 2854 Quisque

1142 2869 1226 2929 enim
1248 2882 1286 2930 ιι
1301 2869 1382 2930 clero
1402 2868 1547 2930 saeculari
1564 2869 1705 2930 animum
1721 2869 1890 2948 despondet

1142 2962 1266 3039 otioque
1287 2961 1409 3036 diffluit,
1434 2977 1506 3024 cum
1524 2963 1648 3038 cogitat,
1665 2963 1822 3038 regulares
1838 2979 1891 3041 po-

1143 3054 1203 3116 tius
1232 3055 1379 3116 constitui
1402 3057 1434 3115 in
1456 3055 1490 3116 iis
1512 3055 1696 3116 muneribus
1727 3055 1888 3131 obeundis,
1979 3095 1982 3100 -

1141 3165 1219 3226 quae
1240 3148 1371 3227 quilibet
1401 3149 1574 3225 saecularis,
1599 3164 1663 3210 non
1685 3157 1816 3226 repente
1836 3149 1888 3210 sed

1142 3243 1300 3321 paulatim,
1323 3242 1380 3303 sub
1407 3243 1545 3319 magistri
1567 3252 1598 3305 ot
1619 3243 1824 3320 praeceptoris
1845 3243 1891 3304 di-

1140 3335 1266 3413 sciplina
1298 3336 1467 3398 instructus
1498 3343 1528 3396 et
1560 3335 1701 3410 idoneus,
1724 3336 1889 3414 aliquando

1141 3443 1285 3490 exercere
1307 3431 1409 3506 possit.

1180 3522 1247 3596 §fi
1272 3522 1431 3584 Pastoralis
1463 3524 1567 3602 itaque
1598 3524 1805 3587 solicitudinis
1839 3542 1888 3586 ve·
1949 3537 2038 3590 itaque
2057 3534 2119 3591 ipsis

1140 3623 1220 3675 strae
1243 3624 1343 3692 partes
1366 3617 1419 3678 bac
1442 3617 1474 3676 in
1496 3632 1530 3678 re
1551 3617 1761 3696 adimplendas
1776 3633 1841 3679 esse
1856 3619 1887 3680 in
1908 3589 2122 3700 iffietgc'tussflil

1141 3707 1271 3770 bordino
1304 3709 1528 3785 existimamus,
1563 3717 1596 3771 ut
1629 3727 1733 3772 curam
1762 3727 1887 3772 omnem
1908 3695 2121 3794 {fflffissaggffif

1139 3803 1341 3880 studiumque
1369 3811 1508 3864 vestrum
1538 3803 1703 3878 collocetis,
1727 3819 1766 3865 ne
1788 3803 1886 3864 adole·
1907 3803 1973 3876 upra
2002 3802 2119 3848 Winst-

1139 3903 1258 3956 scentes
1279 3895 1422 3957 alumnos
1454 3897 1588 3959 nationis
1616 3905 1737 3957 vestrae
1764 3912 1801 3957 ιι
1824 3913 1887 3958 me·
1908 3869 1950 3909 ‘¹⁸'

1139 3997 1257 4049 morato
1282 3989 1431 4051 Wilnensi
1455 3991 1630 4054 Seminario
1658 3993 1814 4068 deinceps,
1837 4007 1888 4051 ιι-

1139 4088 1204 4142 acto
1225 4081 1401 4144 studiorum
1424 4085 1589 4160 curriculo,
1613 4101 1762 4162 egressos,
1786 4086 1887 4164 aliqua

1138 4174 1332 4237 ecclesiastici
1360 4177 1477 4238 ordinis
1499 4185 1530 4239 et
1557 4178 1648 4240 officii
1671 4179 1888 4257 procuratione

1138 4267 1263 4328 destitui
1287 4269 1465 4346 patiamini:
1482 4273 1535 4334 sed
1550 4273 1652 4331 statim
1668 4273 1887 4350 quodcumque

1138 4377 1225 4439 opus,
1256 4364 1475 4442 quodcumque
1503 4365 1714 4426 ministerium
1735 4364 1770 4426 ad
1793 4367 1887 4427 ecele-

1137 4456 1271 4516 siasticas
1302 4474 1351 4519 res
1382 4459 1570 4536 pertinentia
1603 4459 1663 4520 illis
1695 4461 1886 4521 demandetis

1138 4557 1270 4627 oportet,
1291 4560 1325 4613 ut
1346 4552 1491 4614 iniuncto
1505 4553 1636 4631 quisque
1651 4554 1744 4631 priori
1762 4554 1885 4615 muneri

1137 4642 1320 4718 satisfacere,
1344 4644 1456 4707 deinde
1477 4648 1512 4706 ad
1546 4647 1659 4710 maiora
1688 4663 1743 4725 per
1775 4649 1886 4725 gradus

1136 4736 1229 4797 etiam
1252 4729 1432 4812 gravissima
1462 4742 1754 4820 promoveripossit
1776 4742 1882 4803 officia.

1138 4829 1216 4890 Haec
1239 4829 1375 4908 profecto
1398 4834 1508 4908 agendi
1532 4835 1621 4910 ratio,
1640 4842 1794 4913 tamquam
1811 4836 1887 4898 luci-

1137 4922 1298 4984 dissimum
1322 4926 1502 5003 exemplum
1524 4927 1560 4988 ab
1575 4927 1641 4988 aliis
1655 4937 1799 5005 spectata,
1816 4931 1885 4993 uni-

1136 5016 1249 5094 cnique
1282 5017 1420 5096 (ducitur
1452 5021 1538 5082 euim
1570 5021 1717 5082 iuventus
1754 5025 1886 5086 maxima

1136 5124 1190 5187 spe
1211 5111 1326 5187 gloriae
1348 5122 1378 5172 et
1405 5113 1560 5192 utilitatis)
1592 5117 1652 5175 erit
1683 5115 1886 5178 incitamento

1137 5220 1200 5266 non
1226 5206 1296 5280 leui,
1327 5209 1525 5286 utquisque,
1561 5210 1730 5270 dummodo
1761 5211 1884 5271 nonsit

1136 5299 1263 5374 ingenio
1286 5299 1365 5361 malo
1388 5317 1545 5381 pravoque
1576 5302 1744 5380 praeditus,
1769 5303 1885 5367 bellurn

1136 5391 1197 5452 otio
1220 5392 1365 5470 vitiisque
1389 5395 1514 5469 indicat,
1537 5405 1568 5456 et
1589 5398 1624 5456 ad
1648 5397 1765 5457 labores
1787 5397 1886 5475 perfe-

1136 5482 1247 5545 rendos
1261 5485 1455 5564 virtutesque
1466 5487 1668 5565 assequendas
1680 5488 1769 5550 hilari
1783 5505 1884 5568 prom-

1136 5583 1250 5654 ptoque
1271 5577 1376 5639 animo
1398 5582 1564 5642 contendat
1586 5587 1618 5641 et
1640 5582 1806 5642 adnitatur.
1825 5582 1883 5645 Ve-

1136 5685 1207 5729 rum
1222 5672 1525 5734 commendationem
1540 5673 1620 5734 franc
1635 5683 1770 5734 nostram
1786 5683 1817 5736 et
1832 5692 1884 5736 ιι-

1136 5762 1343 5824 bortationem
1366 5781 1421 5842 pro
1443 5765 1578 5828 alumnis
1600 5766 1728 5844 Collegii
1745 5766 1883 5830 Wilnen-

1134 5856 1174 5916 sis
1195 5858 1230 5918 ad
1253 5855 1347 5918 oflicia
1371 5868 1401 5920 et
1430 5874 1560 5920 munera
1583 5860 1729 5921 incuriis
1760 5861 1880 5937 vestris,

1135 5950 1233 6028 quoad
1267 5951 1350 6013 robis
1383 5953 1543 6029 integrum
1572 5953 1641 6028 erit,
1664 5956 1882 6031 promovendis
