4820 6980
342 513 396 568 Aa.
410 515 440 568 (l.
462 510 531 566 1748
582 513 641 579 762

1087 529 1151 574 lllll·
1176 528 1266 574 PON'P.
1292 525 1332 572 DE
1353 527 1382 572 P.
1407 528 1435 572 ll'.
1459 528 1542 574 nans
1564 528 1584 572 l.

2131 510 2196 572 An.
2210 515 2239 568 0.
2263 523 2328 574 lats
2390 547 2391 562 2

561 655 613 734 qui
636 653 686 714 vel
710 670 747 716 ex
767 652 830 730 ipso
845 651 992 714 laicorum
1007 657 1101 722 statu,
1118 647 1167 710 vel
1184 648 1307 710 etiams
1404 661 1513 708 cxxxx.
1531 646 1613 708 alias
1635 648 1769 710 rationes
1791 649 1883 711 iidem
1901 649 2112 712 Florentinius
2132 659 2341 766 riiffiq'iissffl

2319 737 2339 768 ,,
2390 737 2391 744 ,

2132 771 2191 811 cant
2213 772 2341 823 rationes
2390 811 2391 832 ,

561 746 862 810 catechumenorum
885 743 1005 818 ordine,
1028 742 1145 803 nedum
1160 742 1195 805 ad
1211 758 1306 803 sacer·
1363 757 1396 802 ac
1411 741 1525 816 Pagius
1540 747 1694 816 attexant,
1710 749 1745 802 ut
1760 757 1989 821 quamcumque
2003 743 2113 804 simul-

560 840 646 914 dotii,
663 839 714 902 sed
730 837 823 901 etiam
839 838 873 900 ad
889 837 1103 899 sublimiorem
1115 833 1306 913 episcopatus

559 933 691 1008 gradum
713 929 924 1004 ascenderant,
942 929 1046 992 verius
1061 927 1271 991 evolaverunt.

342 1033 539 1089 1111111111,
599 1041 694 1087 xxxx.
719 1024 860 1088 Meminit
872 1024 953 1086 idem
969 1023 1129 1096 Baranius,
1144 1038 1205 1099 quo
1221 1021 1305 1100 plau-

328 1088 393 1133 itvor
407 1087 540 1133 11111151-

327 1137 595 1204 sternutationem
623 1119 771 1181 Paulinus
803 1119 933 1181 Romam
960 1116 1128 1178 adveniens
1159 1123 1304 1192 exceptus

328 1193 540 1242 mmmm
559 1213 664 1278 iuerit.
688 1215 797 1290 llagna
824 1213 910 1274 enim
932 1228 965 1274 ac
987 1211 1087 1289 potior
1112 1209 1202 1272 Urbis
1224 1224 1303 1286 pars,

326 1252 476 1294 versaretur.

558 1309 674 1372 civium
696 1306 823 1381 scilicet,
847 1304 1036 1385 praesulum,
1054 1322 1087 1366 ac
1108 1317 1228 1376 eorum,
1252 1303 1303 1380 qui

557 1401 687 1481 publicis
716 1399 929 1476 iungebantur
954 1399 1153 1471 muneribus,
1183 1403 1305 1475 praeter

557 1497 706 1569 advenas,
730 1508 791 1554 una
819 1492 1003 1554 commixtos
1030 1490 1226 1570 plebeiosque
1253 1489 1306 1550 bo·

557 1588 675 1662 111111,
698 1585 840 1649 certatim
862 1593 892 1647 et
914 1584 1002 1646 velut
1023 1584 1147 1660 agmine
1169 1582 1246 1644 iacto
1268 1581 1302 1642 ad

503 1755 505 1760 Ι
556 1697 631 1742 eum
653 1679 852 1742 invisendum
873 1678 1058 1740 contluebat.
1083 1674 1199 1754 Ecquid
1219 1675 1304 1753 plau·

557 1789 593 1834 su
615 1787 648 1833 ac
679 1770 883 1832 admiratione
909 1770 1072 1846 dignares
1101 1775 1177 1842 erat,
1205 1767 1304 1829 Pauli-

559 1881 636 1926 num
648 1865 754 1927 virum
769 1862 964 1924 consularem
982 1860 1092 1922 bamili
1107 1859 1302 1922 sacerdotum

557 1965 643 2020 veste
674 1957 821 2019 indutum
849 1957 993 2034 aspicere.
1021 1953 1202 2017 Cavendum
1229 1971 1304 2016 vero

558 2068 598 2114 ne
619 2051 715 2114 ullam
737 2067 773 2114 ex
797 2059 880 2113 tanta
907 2051 995 2112 Urbis
1017 2051 1226 2124 gratulatione
1247 2049 1305 2112 cri-

557 2144 736 2210 minationis
758 2143 921 2208 matericm
943 2146 974 2207 in
994 2143 1139 2207 Siricium
1160 2143 1304 2204 retunda-

556 2259 636 2304 mus.
651 2238 869 2303 'lillemontius
889 2247 961 2300 tom.
978 2238 1020 2298 14
1034 2236 1299 2300 Commentariun

555 2353 613 2414 pro
641 2335 788 2398 Historia
816 2332 1045 2395 Ecclesiastico
1070 2351 1126 2394 sea
1152 2321 1302 2411 priorum

556 2431 769 2498 saccrtlorum,
794 2429 829 2488 ia
851 2428 920 2489 uita
945 2427 974 2487 S.
999 2428 1145 2496 Paulini,
1170 2426 1300 2498 11114,

557 2524 594 2585 11
614 2521 779 2584 bominum
792 2519 979 2598 frequentia,
996 2521 1048 2598 qui
1064 2521 1099 2582 ad
1116 2520 1234 2582 Paulini
1250 2521 1302 2582 do-

556 2631 645 2678 mum
667 2615 882 2688 convolabant,
905 2629 1082 2676 sermonem
1105 2614 1304 2693 11111111-

556 2717 600 2772 111
622 2709 766 2774 Siricium
790 2710 858 2771 ideo
888 2707 1071 2770 subintenso
1092 2724 1125 2771 ac
1146 2706 1248 2770 alieno
1271 2710 1302 2770 in

555 2801 722 2865 Paulinam
752 2802 846 2863 luisse
873 2803 988 2876 animo,
1019 2802 1100 2879 quod
1128 2802 1304 2865 communis

555 2894 641 2958 lavor
663 2913 695 2957 ac
716 2895 840 2974 plausus
862 2895 1001 2972 egregias
1025 2893 1100 2957 tanti
1122 2895 1182 2955 viri
1205 2894 1303 2957 virtu-

556 2996 601 3050 tes
622 2988 802 3050 cetebraret.
832 2987 911 3048 ltine
933 2987 1065 3050 livorem
1086 3003 1120 3049 ac
1141 2987 1302 3062 invidiam,

556 3097 635 3161 quae
667 3081 699 3142 in
732 3080 897 3141 Paulinum
928 3081 1061 3154 exarsit,
1093 3088 1233 3141 exortam
1262 3079 1303 3140 ai-

556 3177 671 3237 drmat.
702 3172 902 3236 tillemontio
929 3173 1145 3236 assentiuntur
1165 3173 1216 3234 alii
1239 3189 1302 3236 non

555 3269 644 3346 aequi
665 3283 739 3328 sane
754 3267 915 3340 Censores,
929 3281 1041 3344 nempe
1063 3264 1171 3327 Eaillet
1185 3266 1218 3326 ia
1234 3267 1304 3328 atta

558 3360 670 3422 Sancti
693 3356 841 3430 Paulini,
865 3358 914 3420 die
940 3373 1019 3420 xxn.
1044 3359 1141 3446 iunii,
1162 3373 1251 3419 11111.
1269 3359 1301 3430 7,

555 3465 587 3515 11
609 3453 747 3531 Dupinus
775 3452 900 3514 saccata
928 3451 1041 3529 quinto
1068 3468 1165 3514 11111
1193 3450 1303 3515 biblia-

557 3544 674 3615 caecae,
704 3551 777 3606 tom.
804 3549 836 3612 3,
859 3553 946 3620 part.
972 3547 1003 3613 1,
1032 3561 1103 3624 pap.
1132 3546 1212 3608 480.
1244 3545 1303 3607 Η11

556 3647 659 3701 tamen
682 3639 713 3698 in
734 3637 881 3702 Sanctum
897 3638 1080 3700 Pontificem
1096 3640 1241 3717 impactas
1256 3657 1302 3702 ca·

554 3731 690 3794 11111111
705 3730 793 3792 laaile
808 3731 867 3792 erit
889 3731 1094 3807 contundere,
1117 3733 1141 3793 si
1157 3748 1234 3809 quae
1250 3733 1302 3794 Pa·

555 3830 602 3886 ter
623 3824 804 3886 Franciscus
820 3823 961 3886 Saccbini
979 3823 1014 3883 ia
1029 3824 1099 3885 otta
1117 3824 1147 3886 S.
1165 3823 1301 3886 Paulini

554 3917 641 3994 apud
656 3915 897 3987 Bollaadianos,
912 3915 962 3976 dte
978 3931 1057 3977 xxn.
1076 3918 1175 3988 iunii,
1190 3933 1257 3996 cap.
1268 3917 1300 3984 4,

553 4025 642 4071 aum.
661 4009 716 4078 30,
735 4009 766 4070 11
790 4009 868 4070 bunc
890 4024 956 4070 rem
978 4010 1109 4087 scripsit,
1133 4012 1302 4072 1111111-

553 4113 675 4165 centur.
708 4103 760 4164 att
790 4103 891 4176 enim,
923 4101 1068 4164 Sicinium
1097 4104 1169 4165 satis
1197 4112 1303 4182 aperte

553 4195 731 4274 loquutum,
748 4211 781 4256 se
802 4209 912 4273 nempe
932 4194 1052 4258 Paulini
1074 4196 1301 4258 ordinationem

553 4304 791 4368 praeproperam
822 4287 933 4364 nimis,
966 4296 1060 4367 atque
1089 4289 1300 4369 praecipitem,

553 4385 682 4460 probare
703 4397 767 4443 non
794 4397 899 4460 posse;
927 4382 1058 4459 ideoque
1083 4388 1229 4443 consueta
1252 4382 1301 4443 be-

553 4474 752 4535 nevolentiae
772 4490 805 4535 ac
827 4473 1031 4535 humanitatis
1054 4473 1150 4535 oldaia
1173 4473 1205 4536 in
1227 4491 1298 4537 eum

553 4581 698 4628 exercere
713 4565 859 4628 noluisse.
884 4565 968 4628 Hanc
984 4581 1078 4628 unam
1094 4566 1145 4628 iile
1161 4568 1300 4644 producit

552 4674 687 4733 causam,
703 4675 781 4736 quae
802 4657 947 4720 Sirmium
963 4675 977 4718 1
994 4657 1123 4720 Paulino
1145 4659 1300 4738 paulisper

552 4752 715 4814 alienavit:
741 4752 824 4814 Siait
848 4751 988 4814 Sinicius
1015 4767 1165 4814 emanare
1185 4768 1301 4813 sermo-

553 4860 634 4914 nem,
657 4844 728 4906 eius
750 4843 822 4924 (boc
842 4852 888 4907 est
920 4842 1055 4923 Paulini)
1076 4861 1107 4906 se
1132 4851 1301 4907 consueta-

553 4937 658 4999 dinem
687 4936 780 5007 aalla,
807 4936 990 5000 scilicetne
1019 4938 1220 5015 repentinam
1248 4937 1299 4998 11-

553 5031 651 5091 minis
668 5029 937 5092 consecrationem
952 5029 1096 5107 probare,
1113 5035 1143 5091 et
1159 5033 1244 5093 tatas
1260 5029 1298 5094 ab

552 5139 583 5184 se
606 5124 734 5201 ipsemet
752 5139 901 5184 eaeraare
917 5123 996 5202 leqcs
1011 5123 1187 5186 videretur.
1207 5124 1299 5188 Nileil

552 5217 645 5278 ultra
665 5221 789 5296 pastum
805 5217 886 5278 satis
900 5216 1072 5278 ostendant
1088 5217 1148 5278 illa
1162 5216 1298 5280 Paulini

552 5310 593 5372 11
617 5310 765 5372 Seuerum
786 5308 900 5372 uerba:
928 5309 988 5384 Qut
1011 5325 1066 5370 111
1093 5309 1202 5380 odisse,
1226 5316 1296 5372 eta

552 5404 712 5464 consortio
743 5403 940 5464 Sanctitatis
961 5419 1039 5464 suae
1066 5403 1299 5481 1111111111-

552 5503 686 5558 cuntar.
701 5496 732 5560 ld
745 5496 847 5574 ipsum
858 5495 990 5556 affirmat
1001 5494 1126 5556 Geillicr
1142 5500 1225 5556 tomo
1241 5496 1296 5565 10,

552 5589 673 5650 Hister.
704 5587 869 5652 Generalis
901 5586 1074 5648 Sacrorum
1099 5586 1295 5657 Aatltosum,

493 5725 497 5730 -
552 5697 622 5758 cap.
654 5680 707 5751 17,
731 5697 821 5744 num.
844 5681 877 5750 8,
902 5681 951 5743 cui
973 5687 1120 5742 consonat
1145 5680 1299 5742 Florenti-

552 5776 623 5836 nius
644 5776 677 5836 in
704 5775 795 5836 citata
817 5773 1074 5843 Eacrcitatioac,
1102 5786 1175 5852 pap.
1198 5773 1295 5846 1005,

551 5873 582 5934 et
604 5868 714 5948 Pagius
735 5869 769 5929 ia
792 5871 861 5931 vita
884 5867 1009 5939 siricii,
1033 5885 1065 5931 a.
1079 5871 1133 5932 15.

1363 833 1432 894 tatis
1453 833 1672 913 suspicionem,
1690 851 1769 912 quae
1789 835 1822 896 in
1846 832 1992 897 Siricium
2014 835 2111 896 intor-

1362 928 1451 1005 queri
1467 921 1580 1005 posset,
1598 927 1773 991 excludant.
1791 929 1889 990 Aiunt
1904 929 2013 1004 igitur,
2037 927 2111 991 San-

1362 1026 1446 1081 ctum
1477 1019 1643 1083 Paulinum
1664 1029 1772 1084 contra
1795 1019 1959 1084 dissolutos
1981 1022 2110 1084 Romani

1363 1112 1444 1175 Cleri
1467 1129 1568 1176 mores
1592 1115 1719 1178 liberius
1740 1115 1975 1190 declamantem,
1999 1116 2111 1178 multo-

1361 1221 1432 1266 rum
1454 1206 1521 1268 odia
1541 1224 1574 1268 ac
1588 1206 1828 1271 obtrectationes
1849 1208 1943 1291 (quod
1960 1209 2111 1271 1111111-

1361 1317 1470 1380 nymo,
1493 1309 1639 1378 utsupra
1662 1303 1890 1380 adnotavimus,
1913 1299 2056 1381 contigit)
2077 1304 2108 1364 in

1359 1410 1392 1455 se
1407 1397 1583 1458 concitasse.
1608 1395 1687 1457 llina
1701 1395 1811 1458 alienis
1825 1396 2012 1458 clamoribus
2027 1411 2110 1457 com—

1360 1495 1480 1550 motum
1512 1506 1545 1550 ac
1572 1488 1670 1550 veluti
1703 1489 1866 1566 fatigatum
1899 1487 2062 1562 Strictum,
2092 1505 2107 1547 a

1343 1663 1345 1666 Ι
1360 1581 1480 1643 Paulini
1493 1581 1703 1644 familiaritate
1713 1582 1882 1644 recessisse:
1897 1583 2013 1644 addunt
2024 1598 2109 1660 prae-

1362 1683 1443 1736 terea
1465 1673 1629 1737 Paulinum
1652 1675 1777 1754 optimis
1799 1675 1925 1753 quidem
1947 1683 2040 1753 atque
2062 1677 2108 1737 in-

1361 1767 1535 1843 tegerrimis
1558 1767 1696 1829 moribus
1718 1768 1904 1845 praeditum,
1930 1767 1961 1827 in
1979 1767 2045 1827 aliis
2064 1773 2109 1828 ta-

1362 1876 1433 1922 men
1456 1860 1659 1922 diiudicandis
1673 1861 1777 1922 minus
1791 1860 1898 1921 solerti
1915 1858 2008 1920 luisse
2023 1859 2108 1936 inge-

1361 1954 1429 2029 nio;
1463 1954 1594 2030 ideoque
1621 1954 1658 2014 de
1687 1952 1796 2016 Siricio
1825 1951 1984 2026 Pontifice,
2014 1965 2106 2030 quem

1360 2050 1502 2110 nondum
1529 2049 1601 2109 satis
1626 2051 1836 2123 perspexerat,
1859 2043 1953 2106 luisse
1974 2059 2109 2123 conque·

1358 2153 1452 2205 stum.
1483 2142 1661 2204 Audiendos
1688 2137 1919 2201 Florentinins:
1953 2137 2010 2200 Sed
2038 2154 2109 2199 aare

1359 2238 1458 2300 etiam
1470 2235 1638 2314 [alendum
1652 2242 1710 2305 est,
1725 2232 1903 2296 Paulinum
1914 2249 1953 2294 aar
1965 2234 2107 2297 bumana

1361 2333 1488 2396 ratione
1510 2329 1666 2408 optimum
1688 2345 1751 2390 111
1773 2329 1875 2408 faisse
1897 2326 2060 2390 bominum
2075 2335 2106 2388 at

1360 2424 1539 2486 earumdem
1562 2437 1685 2482 maram
1700 2420 1947 2491 aestimatorem,
1966 2419 2108 2482 111181-

1359 2520 1479 2581 riclam
1501 2515 1657 2594 superbae
1686 2513 1889 2576 discretionis
1920 2513 2104 2594 insimulat,

1360 2630 1449 2691 quem
1472 2613 1685 2686 llieranpmus
1702 2607 1823 2669 nimiae
1836 2606 2061 2684 simplicitatis
2076 2614 2106 2669 et

1360 2709 1494 2769 innatae
1509 2703 1668 2767 bonitatis
1690 2701 1916 2780 quodammado
1937 2703 2105 2781 coorpait:

1358 2807 1389 2863 et
1411 2798 1556 2877 quamuis
1584 2797 1763 2859 sanctitate
1792 2809 1919 2856 marum
1945 2794 2106 2858 Paulinus

1359 2893 1497 2971 polleret,
1515 2892 1623 2954 minus
1639 2891 1726 2952 acris
1742 2891 1860 2952 iudicii
1876 2890 2025 2966 repertori
2039 2897 2107 2967 pot·

1359 2992 1416 3049 est.
1441 2987 1470 3048 ld
1494 2994 1528 3047 ut
1549 2985 1737 3046 confirment
1766 2983 1929 3046 memorati
1955 2981 2108 3044 Florenti-

1360 3081 1430 3142 nius
1445 3087 1475 3140 et
1490 3078 1611 3154 Pagius,
1635 3076 1767 3137 rationes
1789 3075 1906 3137 addunt
1927 3074 2105 3150 nonnullas,

1359 3189 1434 3254 quas
1444 3171 1495 3233 bic
1510 3179 1650 3246 repetere
1667 3183 1931 3247 supervacaneum
1945 3176 2103 3245 putamus.

1399 3281 1520 3327 axxxn.
1544 3264 1700 3338 Quaenam
1722 3278 1797 3324 vero
1819 3262 1874 3322 bac
1896 3261 1980 3324 1111
2002 3271 2104 3325 nostra

1358 3363 1398 3422 sit
1409 3355 1574 3431 sententia,
1588 3355 1670 3416 bisce
1684 3371 1759 3433 quas
1773 3355 1954 3418 subiicimus
1969 3357 2104 3418 animad-

2131 819 2271 869 adduntur.

2139 3284 2326 3334 0111111111-

2125 3335 2218 3379 rictum
2241 3347 2256 3380 1
2276 3339 2326 3382 Pau·

2124 3387 2180 3432 lino
2205 3388 2327 3436 abaliena-

1359 3451 1554 3516 versionibus
1576 3451 1742 3528 aperimus.
1767 3448 1869 3510 Prima
1883 3456 1941 3522 est,
1957 3447 2104 3514 Sanctum
2124 3444 2199 3488 verri.

1359 3546 1540 3620 Paulinum,
1570 3545 1694 3606 statutis
1724 3551 1900 3622 temporum
1929 3546 2106 3608 interstitiis

1360 3656 1422 3702 non
1438 3640 1578 3712 servatis,
1591 3639 1625 3700 ad
1641 3637 1847 3699 sacerdotium
1868 3637 1961 3698 luisse
1982 3652 2105 3715 promo-

1357 3742 1438 3808 tum,
1469 3740 1574 3795 contra
1596 3730 1700 3806 legem
1722 3746 1736 3790 a
1768 3730 1877 3792 Siricio
1903 3738 2050 3793 statutam
2073 3732 2104 3794 in

1358 3825 1486 3906 epistola
1507 3825 1542 3885 ad
1564 3823 1737 3885 Himerium
1754 3821 1940 3901 Episcopum
1961 3823 2105 3904 terraco-

1359 3934 1501 3992 nensem,
1518 3931 1584 3992 cap.
1599 3915 1630 3985 9,
1647 3933 1741 3994 quam
1757 3925 1828 3978 ante
1843 3914 1964 3978 Paulini
1979 3914 2105 3979 Ordina-

1358 4013 1474 4074 tionem
1497 4011 1624 4073 siricius
1639 4009 1871 4088 conscripserat,
1888 4015 1966 4070 stata
1990 4017 2105 4088 tempo-

1358 4121 1429 4166 rum
1442 4102 1604 4166 intervalla
1620 4102 1778 4176 difiniens,
1792 4117 1870 4179 quae
1884 4117 1900 4162 a
1912 4099 2009 4163 laicali
2023 4110 2105 4164 statu

1357 4199 1393 4259 ad
1405 4197 1651 4275 presbyteratum
1664 4196 1777 4258 debent
1789 4195 2012 4270 intercurrere,
2024 4202 2059 4256 ut
2072 4196 2105 4256 in

1357 4292 1448 4353 sacris
1475 4289 1728 4368 praecedentium
1749 4289 1895 4350 ordinum
1923 4288 2106 4350 ministeriis

1358 4384 1417 4444 rite
1439 4389 1620 4445 exerceatur
1631 4383 1770 4461 quisquis
1781 4383 1817 4444 ad
1832 4381 2038 4444 sacerdotium
2052 4399 2104 4443 cu-

1358 4478 1402 4555 pit
1424 4475 1577 4538 acccdere.
1607 4475 1812 4550 Quamobrem
1842 4475 1981 4537 eiusdem
2004 4475 2103 4538 Siricii

1357 4572 1480 4632 decreto
1507 4577 1647 4631 accurate
1673 4574 1896 4642 secernuntur,
1919 4567 1975 4645 qui
2000 4567 2036 4628 ab
2057 4567 2105 4628 in-

1357 4663 1450 4724 111111
1467 4660 1619 4724 Ecclesiae
1633 4660 1808 4722 ministerio
1826 4659 2051 4737 mancipantur,
2068 4660 2105 4722 ab

1358 4755 1406 4830 iis,
1430 4755 1484 4834 qui
1505 4759 1605 4814 aetate
1628 4752 1793 4830 grandaevi
1821 4753 1955 4814 clericati
1976 4753 2105 4814 militiae

1357 4847 1592 4922 adscribuntur3
1615 4846 1727 4924 quibus
1749 4845 1862 4908 idcirco
1883 4846 2103 4922 lexindicitur,

1358 4949 1393 5004 ut
1407 4941 1464 5020 per'
1476 4938 1692 5002 ecclesiasticos
1704 4937 1816 5015 grados
1838 4939 1987 5016 paulatim
2002 4955 2104 5002 ascen·

1357 5036 1477 5110 dentes,
1501 5035 1628 5096 tandem
1649 5039 1766 5092 statuto
1787 5037 1925 5108 tempora
1947 5033 1983 5094 ad
2005 5047 2104 5092 sacer-

1356 5127 1476 5189 dotium
1493 5125 1685 5205 perveniant.
1712 5123 1789 5186 Cum
1812 5139 1887 5200 ergo
1906 5132 1991 5186 certa
2012 5129 2104 5203 atque

1356 5219 1513 5298 explorata
1534 5217 1575 5280 sit
1591 5234 1690 5292 causa,
1708 5233 1787 5296 quae
1809 5217 1910 5280 Siricii
1932 5217 2103 5279 animuma

1355 5313 1484 5374 Paulino
1506 5311 1702 5386 abalienavit,
1725 5311 1807 5373 baud
1828 5310 1900 5372 licet
1920 5310 2022 5385 aliam,
2051 5318 2104 5373 aut

1356 5407 1519 5482 incertam,
1546 5414 1599 5467 aut
1622 5406 1728 5467 minus
1755 5404 1883 5466 solidam
1906 5421 2030 5467 causam
2050 5405 2103 5467 ob-

1355 5499 1493 5562 trudere.
1518 5499 1613 5560 Porro
1634 5514 1680 5574 ea,
1702 5513 1782 5577 quae
1803 5513 1818 5557 a
1839 5496 1960 5560 Paulini
1981 5498 2104 5561 ordina·

1355 5593 1441 5654 tione
1469 5593 1587 5671 petitur
1611 5594 1707 5668 ratio,
1736 5591 1864 5653 caeteris
1891 5591 2018 5668 aequior
2046 5589 2102 5666 est,

1357 5685 1516 5764 magisque
1530 5693 1746 5746 consentanea.
1771 5683 1801 5746 Si
1818 5682 1904 5746 enim
1925 5682 2054 5746 Siricius
2067 5682 2102 5744 ad

1355 5793 1423 5840 cam
1455 5777 1692 5840 benevolentiae
1725 5776 2008 5853 significationem,
2043 5781 2131 5855 qua'

1353 5869 1475 5932 Paulini
1496 5871 1621 5950 probata
1643 5871 1743 5931 virtus
1764 5869 1856 5948 digna
1877 5878 1954 5947 erat,
1977 5871 2103 5933 descen·
