4708 6978
279 615 333 669 An.
347 619 378 672 c.
400 618 467 672 1746
518 613 595 678 288·
1020 631 1085 676 run.
1109 629 1200 676 nour.
1224 627 1264 674 ur.
1286 631 1315 674 ο.
1339 630 1368 676 r.
1391 633 1474 678 anns
1496 633 1516 676 r.

497 750 530 810 in
545 751 677 830 quodam
692 765 785 828 prope
800 750 1070 829 metropolitanam
1084 748 1243 812 ecclesiam

498 844 576 920 loco,
598 843 664 904 sire
685 842 822 906 conclavi
844 843 910 904 sire
935 844 1106 918 mansione,
1129 841 1243 903 habere

496 936 645 998 solebant.
676 935 795 998 Verum
822 935 860 996 ob
887 937 1111 997 controversias
1133 941 1163 996 et
1184 932 1245 994 dis-

495 1029 666 1104 sensiones,
689 1035 781 1107 prout
802 1028 918 1107 pariter
939 1028 1125 1107 accepimus,
1140 1027 1177 1090 ab
1192 1027 1243 1088 iis-

497 1124 567 1184 dem
588 1122 795 1184 saecularibus
810 1121 997 1200 presbyteris
1012 1137 1105 1202 super
1120 1137 1245 1184 eorum·

496 1214 567 1276 dem
589 1215 769 1278 reddituum
790 1213 1017 1295 dispensatione
1039 1229 1142 1294 nuper
1163 1215 1244 1277 exci-

497 1316 584 1384 tatas,
602 1309 746 1370 timentes
768 1325 835 1384 nos,
852 1309 1075 1388 nequidquam
1091 1308 1244 1387 praeiudi·

498 1401 536 1464 cli
559 1411 611 1464 aut
632 1402 812 1465 detrimenti
834 1407 997 1480 eapropter
1025 1401 1241 1482 tranquillitati

499 1495 687 1574 reipublicae
704 1496 885 1572 ltagustnae,
902 1510 980 1574 quae
995 1494 1182 1558 orthodoxae
1196 1511 1243 1556 re·

498 1589 619 1667 ligionis
641 1590 743 1651 trustes
764 1588 935 1652 adiacentes
957 1589 1059 1664 babet,
1081 1589 1243 1667 importari

497 1688 609 1760 posset,
633 1689 726 1760 atque
747 1696 785 1744 ex
800 1697 836 1744 eo
850 1682 1057 1760 potissimum,
1074 1683 1155 1761 quud
1169 1697 1242 1744 con-

497 1773 605 1837 fratres
634 1775 806 1854 presbyteri
838 1775 1010 1837 saeculares
1042 1773 1241 1850 huiusmodi,

476 1868 563 1928 ‚sive
580 1867 673 1929 multi
687 1868 753 1928 sire
768 1867 866 1946 pauci,
883 1868 1065 1946 congregari
1080 1867 1163 1929 soliti
1179 1883 1242 1929 non

497 1960 586 2022 modo
607 1961 642 2022 ad
664 1975 811 2024 arcanum
832 1971 863 2024 et
885 1961 1102 2024 iusiurandum
1116 1976 1243 2023 serran-

496 2056 571 2116 dum
592 2053 783 2130 obligantur,
799 2070 840 2115 ne
855 2053 1013 2132 quidpiam
1028 2069 1156 2116 suarum
1172 2070 1245 2116 con·

495 2147 698 2210 saltationum
738 2146 1062 2225 deliberationumqne
1097 2147 1241 2224 cuiquam

495 2241 762 2316 communicetur·;
786 2256 897 2302 rerum
920 2248 1024 2302 coetus
1046 2240 1153 2316 etiam,
1176 2240 1242 2302 sive

495 2340 668 2396 conventus
688 2334 754 2394 sive
775 2333 1033 2410 congregationes
1056 2349 1138 2408 suaa,
1162 2331 1242 2395 haud

495 2425 627 2504 amplius
649 2426 682 2487 in
697 2426 857 2502 designato
874 2426 951 2501 loco,
968 2431 1003 2487 ut
1019 2426 1242 2504 praemittitur,

495 2519 547 2580 sed
576 2517 765 2597 ubicumque
797 2518 905 2580 iisdem
936 2517 1145 2581 confratribus
1172 2533 1243 2581 con·

497 2611 661 2688 gregandls
693 2607 778 2686 libet,
802 2609 956 2673 celebrare
986 2614 1135 2674 audeant:
1160 2613 1244 2673 unde

497 2705 642 2768 nonnulli
664 2705 696 2766 in
715 2704 930 2783 suspicionem
963 2706 1057 2769 etiam
1086 2712 1244 2768 venerunt

497 2813 560 2859 non
592 2798 710 2873 levem,
736 2797 816 2876 quod
846 2799 903 2878 ipsi
928 2799 1100 2877 presbyteri
1125 2797 1243 2862 confra-

498 2899 559 2954 tres
589 2892 648 2954 boc
672 2900 759 2970 pacto
783 2890 820 2954 de
849 2893 982 2968 negotiis
1010 2891 1046 2954 ad
1075 2892 1246 2971 rempubli-

497 3001 564 3048 cam
588 2986 681 3046 etiam
703 2985 933 3064 pertinentibus
959 2984 1116 3048 interdum
1140 3001 1242 3063 agere,

497 3087 589 3157 atque
610 3078 652 3140 ita
677 3078 785 3140 iisdem
813 3078 946 3155 negotiis
973 3093 1038 3140 sese
1068 3080 1244 3142 immiscere

500 3178 633 3235 tentent.

320 3295 355 3340 qq
378 3304 478 3340 concor·
539 3267 708 3346 Eapropter
730 3281 797 3342 nos,
821 3274 855 3328 ut
877 3265 978 3328 omnis
1007 3265 1119 3328 iniecta
1146 3266 1246 3346 suspi-

268 3347 336 3394 Μ
358 3359 415 3394 “¹¹¹''
438 3359 480 3393 [θ’
499 3363 544 3424 cio
565 3360 742 3423 huiusmodi
774 3362 978 3438 incussusque
1009 3367 1113 3422 metus
1141 3374 1245 3421 eme·

267 3401 371 3458 publica
381 3412 480 3447 servan-

267 3455 334 3554 231312
353 3454 480 3565 ¹¹?,2ffl'gg
499 3457 548 3518 dio
569 3455 693 3533 penitus
724 3453 892 3529 auferatur,
915 3455 972 3514 etsi
1002 3453 1127 3516 nullum
1149 3454 1245 3515 eccle-

268 3562 481 3626 contrarerynna-
500 3550 636 3613 siasticae
666 3547 800 3610 libertati
822 3555 852 3609 et
874 3547 1065 3610 immunitati
1093 3546 1247 3627 praeiudi·

267 3617 481 3718 iffrm'mun'
500 3647 581 3707 cium
613 3652 665 3706 aut
696 3642 922 3706 detrimentum
952 3641 1055 3704 alierri
1083 3643 1242 3718 cupimus,

500 3740 561 3800 imo
593 3752 701 3798 omnes
733 3735 918 3815 apostolatus
948 3736 1044 3797 nostri
1077 3741 1176 3814 partes
1208 3737 1243 3797 ad

499 3841 664 3909 utramque
676 3829 890 3892 vindicandam
905 3829 1047 3891 conferre
1062 3829 1243 3906 adnitimur;

500 3937 602 3990 tamen
624 3924 659 3985 ad
682 3937 800 4003 pacem,
816 3921 1022 3998 concordiam,
1040 3923 1245 4001 tranquillita-

499 4029 624 4099 temque
652 4017 887 4092 conciliandam,
913 4017 1110 4092 serrandam,
1133 4019 1245 4082 confrr-

499 4115 704 4190 mandumque
726 4126 779 4189 par
793 4126 993 4190 aequumque
1008 4125 1074 4174 esse
1089 4112 1242 4188 ducimus,

498 4213 544 4282 ut,
567 4205 681 4267 iustitia
704 4213 736 4265 ct
756 4219 841 4283 pace,
864 4219 897 4265 ac
917 4206 1085 4268 sacerdotio
1102 4213 1133 4266 et
1148 4205 1245 4285 impe·

500 4301 543 4360 rio
564 4315 631 4360 sese
650 4299 786 4359 invicem
800 4296 1023 4373 osculantibus,
1040 4299 1191 4364 nonnulla
1206 4303 1244 4363 de

500 4393 622 4467 integro
642 4393 856 4467 decernamus
873 4399 965 4470 prout
982 4399 1087 4454 tenore
1103 4409 1246 4472 praesen·

501 4485 579 4547 tium
611 4483 772 4563 apostolica
807 4486 989 4546 auctoritate
1023 4485 1241 4551 decernimus:

501 4593 520 4638 t.
545 4577 585 4639 Ut
607 4578 758 4638 nimirum
787 4577 930 4657 deinceps
958 4580 1089 4658 singulis
1121 4597 1245 4644 eorum-

499 4674 570 4735 dem
588 4670 779 4733 conlratrum
793 4672 942 4748 coetibus,
959 4675 1025 4737 sire
1039 4675 1244 4737 conventibus

499 4766 566 4828 sive
595 4765 900 4842 congregationibus
936 4776 998 4830 tam
1028 4768 1125 4843 statis,
1152 4784 1244 4847 quarn

500 4874 695 4938 quacumque
716 4875 803 4921 causa
819 4861 909 4922 toties
924 4862 1043 4940 quoties
1058 4878 1134 4940 opus
1149 4861 1244 4924 fuerit

500 4951 673 5016 indicendis
693 4961 724 5014 et
749 4953 908 5028 habendis,
941 4969 1063 5034 semper
1096 4955 1245 5018 interesse

500 5045 631 5108 debeant
652 5045 713 5109 duo
735 5045 854 5108 nobiles
875 5048 934 5108 viri
954 5063 991 5108 ert
1015 5045 1130 5112 Ordine
1152 5047 1245 5111 Sena·

501 5142 579 5202 torio
600 5140 731 5217 singulis
752 5141 911 5204 mensibus
937 5149 1021 5204 sorte
1050 5143 1242 5205 extrahendi.

500 5251 535 5296 u.
560 5235 600 5297 Ut
621 5235 678 5314 ipsi
699 5233 868 5298 confratres
890 5251 953 5296 non
968 5235 1038 5299 alibi
1055 5236 1090 5296 ad
1106 5235 1244 5314 ipsorum

500 5328 625 5390 libitum
647 5335 677 5390 et
698 5327 876 5404 arbitrium,
901 5328 953 5390 sed
980 5329 1012 5390 in
1033 5328 1123 5389 solito
1150 5346 1246 5409 prope

500 5421 769 5500 metropolitanam
784 5422 954 5496 ecclesiam,
972 5429 1006 5482 ut
1022 5421 1243 5500 praemittitur,

501 5516 566 5577 loco
581 5514 740 5577 dumtaxat
755 5516 925 5577 convenire
939 5523 970 5576 et
984 5515 1166 5592 congregari
1178 5533 1246 5596 pos·
1260 5591 1262 5596 Ι

407 5631 409 5636 ’
500 5610 574 5671 sint.
598 5625 646 5670 nr.
671 5607 711 5670 Ut
732 5607 850 5670 nobiles
882 5609 953 5682 riri,
986 5611 1051 5687 qui,
1076 5619 1108 5672 ut
1130 5610 1245 5688 pariter

501 5703 722 5784 praemittitur,
740 5705 771 5765 in
793 5703 942 5780 coetibus,
959 5703 1025 5766 sive
1040 5705 1246 5769 conventibus

500 5798 566 5858 sire
587 5796 877 5874 congregationibus
893 5797 1081 5873 huiusmodi,
1098 5798 1246 5861 interesse

502 5899 669 5967 tenentur,
702 5892 818 5953 nudam
848 5891 1085 5969 simplicemque
1112 5890 1144 5952 in
1173 5891 1246 5970 ipsis

502 5985 706 6068 praesentiam
719 5990 919 6065 praestantes,
930 5983 1028 6046 solam
1039 5999 1163 6063 quoque
1174 5985 1247 6046 sim·

1299 748 2043 830 plicamqueagendarumdeliberatarumquere-

1300 858 1370 904 rum
1393 842 1536 906 notitiam
1557 843 1716 919 babentes,
1737 843 1839 906 nullas
1860 845 1989 906 omnino
2011 845 2043 906 in

1299 935 1576 998 consultationibus
1617 935 1951 1015 deliberationibusque
1990 953 2044 1015 per

1299 1027 1470 1090 confratres
1497 1027 1643 1092 ineundis
1671 1030 1916 1108 statuendisque,
1944 1030 2044 1092 nullas

1300 1121 1331 1182 ln
1353 1121 1532 1184 reddituum
1559 1122 1828 1186 administratione
1849 1130 1880 1184 et
1902 1140 1972 1198 usu,
1995 1140 2046 1186 eo-

1299 1230 1433 1294 rumque
1455 1215 1609 1278 reddenda
1623 1216 1756 1292 ratione,
1773 1216 1873 1278 nullas
1887 1231 2045 1280 commen·

1298 1306 1458 1372 dationum
1481 1309 1512 1370 in
1536 1307 1728 1372 confratrum
1744 1309 1959 1385 electionibus,
1975 1310 2045 1373 nul·

1300 1401 1341 1462 las
1362 1403 1499 1480 denique
1522 1401 1553 1463 in
1575 1401 1668 1465 rebus
1695 1403 1892 1482 negotiisque
1919 1403 2046 1482 quibus·

1298 1509 1433 1574 cumque
1454 1493 1489 1556 ad
1512 1493 1653 1556 eamdem
1668 1495 1955 1558 confraternitatem
1971 1512 2046 1575 quo-

1300 1587 1466 1652 modolibet
1480 1588 1691 1666 spectantibus
1702 1599 1803 1668 partes
1817 1589 1875 1652 sibi
1886 1599 2043 1667 arrogent;

1298 1686 1390 1757 atque
1413 1681 1452 1742 ita
1474 1697 1540 1742 sese
1567 1689 1689 1758 gerant,
1713 1689 1747 1743 nt
1769 1681 1894 1746 nullum
1921 1684 2045 1762 penitus

1298 1773 1493 1836 omnimodae
1524 1772 1717 1837 confratrum
1738 1775 1872 1838 libertati
1894 1776 2044 1855 praeiudi·

1297 1867 1380 1928 cium
1402 1883 1457 1945 per
1477 1867 1616 1946 ipsorum
1634 1868 1840 1945 praesentiam
1856 1867 1964 1930 inferri
1979 1883 2044 1948 pos·

1297 1959 1346 2022 sit.
1371 1977 1412 2020 tv.
1437 1959 1477 2022 Ut
1498 1959 1612 2022 laudati
1634 1962 1695 2023 duo
1721 1961 1838 2023 nobiles
1859 1962 1919 2022 viri
1941 1962 1973 2024 in
1995 1977 2045 2024 eo·

1299 2053 1442 2114 rumdem
1457 2053 1649 2116 confratrum
1664 2054 1812 2130 coetibus,
1829 2055 1895 2118 sive
1910 2071 2045 2118 conven-

1299 2145 1379 2207 tibus
1400 2145 1467 2206 sive
1488 2146 1793 2224 congregationibus,
1817 2156 1994 2226 praesentes
2009 2149 2045 2210 ad

1299 2237 1476 2300 inviolabile
1497 2238 1641 2300 omnium
1663 2245 1694 2300 et
1715 2239 1912 2316 singularum
1936 2255 2044 2303 rerum

1300 2345 1353 2407 per
1375 2330 1520 2408 ipsosmet
1541 2330 1711 2394 confratres
1735 2332 1784 2393 vel
1807 2331 2042 2412 disputatarum,

1299 2422 1348 2484 vel
1369 2424 1620 2500 deliberatarum,
1643 2425 1691 2488 rel
1715 2432 1873 2502 gestarum
1887 2433 2044 2488 secretum

1298 2515 1486 2578 servandum
1508 2518 1646 2580 districte
1667 2524 1843 2582 teneantur.
1867 2535 1898 2582 r.
1922 2519 1962 2582 Ut
1981 2535 2045 2582 om·

1300 2625 1353 2672 nes
1375 2617 1406 2671 et
1419 2609 1561 2687 singulae
1575 2611 1781 2675 resolutiones
1796 2612 2047 2676 deliberationes-

1299 2720 1370 2782 que,
1393 2720 1468 2782 quas
1489 2704 1526 2767 ab
1546 2705 1656 2768 iisdem
1688 2706 1893 2769 confratribus
1907 2706 2045 2784 ‘presby-

1301 2799 1374 2858 teris
1402 2813 1463 2859 non
1487 2797 1520 2858 in
1543 2797 1609 2859 loco
1640 2799 1813 2875 designato,
1835 2801 1887 2862 sed
1917 2799 1989 2861 alibi
2010 2799 2047 2860 ad

1303 2889 1424 2952 libitum
1445 2892 1651 2967 congregatis,
1667 2892 1812 2972 deinceps
1827 2893 1892 2972 capi
1907 2910 1941 2955 ac
1953 2892 2047 2955 statui

1300 2999 1410 3044 ausum
1424 2981 1530 3058 fuerit,
1548 2998 1631 3046 nnnc
1647 3000 1702 3063 pro
1717 2994 1793 3048 tunc
1808 2986 1925 3062 nullae,
1941 2986 2046 3048 irritae
2148 2999 2151 3006 ’

1299 3083 1330 3138 et
1352 3076 1470 3152 inanes,
1494 3092 1527 3138 ac
1549 3077 1667 3140 nullius
1689 3094 1817 3157 prorsus
1842 3080 1994 3141 momenti
2016 3087 2047 3141 et

1301 3170 1417 3232 roboris
1439 3171 1538 3249 reipsa
1558 3171 1621 3233 sint
1643 3180 1673 3234 et
1691 3173 1875 3236 habeantur.
1892 3190 1934 3235 rr.
1946 3169 2046 3248 lloln-¹

1301 3279 1370 3326 mus
1384 3264 1518 3344 denique
1529 3280 1585 3343 per
1596 3265 1774 3330 huiusmodi
1786 3267 1968 3345 apostolicae
1979 3283 2048 3346 pro-

1300 3356 1456 3419 videntiae
1478 3357 1602 3420 decreta
1622 3357 1792 3438 quidquam
1813 3360 1864 3422 rel
1879 3359 2047 3422 minimum

1301 3451 1480 3530 praeiudicii
1508 3459 1560 3514 aut
1588 3452 1768 3515 detrimenti
1801 3454 1973 3516 detractum
1996 3461 2047 3516 ant

1302 3546 1420 3607 illatum
1435 3545 1472 3606 iri
1488 3545 1548 3606 iuri
1564 3543 1600 3606 ad
1612 3545 1886 3624 archiepiscopum
1903 3562 1957 3625 pro
1971 3553 2048 3608 tem·

1302 3655 1373 3718 pore
1388 3639 1580 3715 llagusinum
1601 3653 1695 3717 super
1715 3637 1822 3701 eadem
1845 3631 2047 3702 confraterni-

1301 3740 1372 3808 tate,
1402 3733 1487 3794 iuxta
1517 3740 1617 3794 sacros
1648 3748 1781 3794 canones
1809 3749 1843 3794 ac
1865 3735 2046 3811 praesertim

1301 3825 1473 3889 Concilium
1502 3824 1735 3899 tridentinum,
1766 3826 1974 3904 competentl;
1995 3825 2047 3888 sed

1302 3922 1347 3980 ins
1365 3918 1518 3981 eiusmodi
1533 3934 1656 3998 semper
1670 3917 1812 3982 illaesum
1835 3927 1865 3982 et
1887 3919 2046 3997 integrum

1300 4032 1365 4078 esse
1380 4024 1410 4078 et
1424 4015 1501 4090 fore,
1518 4023 1609 4093 atque
1624 4011 1759 4090 intelligi
1775 4015 1887 4076 debere
1902 4013 2047 4077 volumus

1299 4127 1332 4173 ac
1354 4109 1548 4172 mandamus.

1338 4204 1357 4278 ἓ
1378 4201 1407 4264 Ξ.
1425 4203 1631 4264 Decernentes
1647 4203 1768 4264 easdem
1787 4207 1963 4280 praesentes
1978 4199 2048 4272 lite·
2079 4229 2225 4277 clausurae
2235 4243 2301 4277 00„-

1300 4314 1347 4358 ras
1368 4302 1399 4358 et
1419 4297 1452 4359 in
1474 4297 1518 4358 eis
1535 4302 1681 4358 contenta
1696 4309 1909 4374 quaecumque
1922 4309 2046 4372 semper
2067 4285 2242 4332 ttrmarorrae.

1302 4391 1399 4465 firma,
1422 4388 1522 4451 valida
1544 4397 1575 4451 et
1596 4389 1727 4452 edicacia
1749 4389 1882 4450 existere
1909 4396 1941 4449 et
1968 4387 2046 4462 fore,

1298 4491 1432 4563 suosque
1454 4481 1607 4562 plenarios
1629 4489 1659 4545 et
1681 4481 1819 4560 integros
1840 4479 1966 4544 eftectus
1983 4495 2048 4542 sor·

1301 4576 1351 4638 tiri
1372 4584 1403 4638 et
1423 4577 1576 4650 obtinere,
1599 4584 1630 4638 et
1653 4575 1726 4651 illis,
1742 4578 1778 4638 ad
1793 4593 1871 4655 quos
1885 4582 2001 4654 spectat
2015 4581 2046 4635 et

1301 4684 1354 4748 pro
1376 4678 1513 4748 tempore
1542 4667 1801 4748 quandocumque
1829 4669 1989 4749 spectabit,
2013 4668 2044 4730 in

1299 4763 1444 4824 omnibus
1466 4771 1497 4824 et
1519 4779 1573 4842 per
1594 4763 1699 4825 omnia
1730 4763 1910 4842 plenissime
1941 4761 2047 4824 suffra-

1300 4857 1377 4934 gari,
1399 4865 1429 4918 et
1450 4857 1552 4920 abeis
1574 4860 1745 4936 respective
1758 4857 1981 4920 inviolabiliter
1995 4857 2048 4919 ob·

1299 4951 1431 5028 servari3
1453 4951 1558 5031 sicque
1574 4951 1607 5014 in
1622 4950 1797 5032 praemissis
1813 4967 1869 5030 per
1883 4966 2048 5032 quoscum·

1300 5059 1361 5120 que
1382 5043 1497 5107 iudices
1518 5045 1688 5110 ordinarios
1710 5054 1741 5110 et
1761 5045 1930 5125 delegatos,
1952 5045 2045 5106 etiam

1300 5152 1460 5199 causarum
1496 5138 1600 5216 palatii
1636 5140 1793 5218 apostolici
1831 5139 1985 5202 auditores
2017 5143 2046 5198 et

1302 5230 1331 5294 S.
1355 5231 1390 5293 lt.
1415 5231 1449 5294 E.
1474 5231 1662 5310 cardinales,
1678 5250 1711 5294 ac
1733 5233 1857 5311 quosvis
1879 5231 1953 5294 alios
1975 5247 2049 5310 qna-

1300 5341 1435 5404 cumque
1466 5325 1709 5404 praeeminentia
1741 5333 1773 5386 et
1799 5333 1950 5404 potestate
1977 5324 2047 5386 fun·

1301 5427 1409 5496 gentes
1429 5426 1461 5481 et
1482 5419 1654 5495 iuncturos,
1679 5418 1797 5482 sublata
1819 5420 1862 5480 eis
1884 5427 1915 5481 et
1937 5432 2052 5480 eorum

1301 5513 1427 5576 cuilibet
1458 5514 1566 5592 quavis
1596 5513 1686 5576 aliter
1717 5512 1871 5576 iudicandi
1893 5520 1925 5575 et
1951 5513 2047 5574 inter·

1302 5606 1441 5684 pretandi
1471 5606 1616 5669 facultate
1643 5615 1673 5670 et
1701 5607 1896 5680 auctoritate,
1917 5605 2047 5668 iudicari

1302 5710 1332 5764 et
1354 5701 1477 5766 deliniri
1498 5701 1627 5778 debere3
1649 5718 1682 5763 ac
1704 5701 1830 5764 irritum
1852 5707 1883 5761 et
1902 5700 2006 5775 inane,
2023 5697 2048 5758 si

1301 5811 1388 5860 secus
1408 5811 1502 5874 super
1523 5796 1570 5857 his
1590 5813 1606 5856 a
1627 5811 1795 5874 quoquam,
1817 5793 1926 5875 quavis
1946 5800 2048 5856 ancto-

1303 5890 1405 5966 ritate,
1430 5888 1639 5950 scienterve}
1670 5889 1852 5966 ignoranter
1882 5886 2048 5964 contigerit

1302 5982 1457 6046 attentari.
