4798 6978
359 417 373 452 0

383 520 481 574 Aac.
503 522 571 574 mse
621 523 680 587 bit

601 663 676 724 dum
688 663 808 742 scripsit
828 667 1181 730 GermanusPatriarcba
1193 665 1342 729 Constan-

602 755 821 835 tinopolitanus
842 759 898 822 bac
919 761 980 838 ipsa
1002 761 1039 822 de
1061 777 1093 822 re
1114 775 1225 836 agens:
1255 758 1342 819 Tunc

601 849 685 910 enim
706 849 849 927 plurima
863 849 960 914 turba
975 860 1004 914 et
1021 849 1233 914 Hebraeorum
1248 849 1341 928 pueri

603 946 763 1020 tamquam
786 943 914 1024 Rapiat
936 945 1050 1007 mortis
1074 944 1192 1006 uictori
1212 942 1343 1011 seusibt‘·

602 1034 679 1096 liter
707 1035 859 1124 dymnum
891 1037 1089 1120 referebant,
1121 1037 1343 1116 spiritualiter

601 1134 709 1193 autem
726 1131 838 1212 Anpoli
854 1149 924 1194 cum
943 1132 1113 1196 Cborubim
1130 1136 1178 1193 ter
1192 1137 1342 1194 sanctuni

601 1223 817 1301 persolvebant
830 1225 983 1303 bpmnum
990 1250 1005 1300 ‚-
1015 1227 1125 1289 deinde
1137 1226 1341 1301 subiungens,

602 1334 657 1396 per
678 1321 833 1382 minorem
855 1321 1032 1396 ingressum
1052 1319 1219 1397 significari
1240 1318 1342 1380 humi·

603 1410 664 1473 lem
685 1413 856 1476 artnentum
872 1413 927 1474 liiii
944 1413 997 1475 Dei
1018 1414 1050 1476 in
1071 1415 1155 1476 bunc
1175 1412 1341 1475 mundum.

387 1502 584 1548 ninerenuaoo-
641 1503 660 1579 ἓ
681 1505 730 1567 36.
754 1503 894 1570 Secumo
922 1507 988 1569 loco
1013 1504 1263 1568 animadversum
1285 1503 1343 1566 luit

372 1555 584 1654 bibil¹¹b⁶n¹0¹lss¹i
603 1597 787 1675 discrimen,
810 1601 890 1678 quod
920 1600 1083 1663 intercedit
1105 1599 1187 1662 inter
1211 1615 1244 1662 ea
1266 1615 1344 1678 anae

373 1662 425 1706 nib.
447 1661 584 1708 decantan·
780 1694 785 1704 .
969 1695 975 1706 .
1231 1693 1236 1705 .

375 1714 584 1778 suspensiones.
603 1699 758 1781 canuntur
778 1712 810 1756 m
841 1694 1046 1774 translatione,
1070 1695 1346 1772 praesanctificata-

373 1767 531 1867 {ighfffld'
545 1781 584 1825 po·
604 1801 687 1860 rum,
699 1791 791 1863 atque
813 1804 847 1849 ea
868 1803 946 1866 quae
963 1787 1063 1849 clerus
1078 1788 1214 1850 concinit
1228 1787 1261 1849 iu
1276 1802 1345 1865 pro-

601 1879 738 1942 cessione
758 1880 881 1942 maioris
902 1882 1069 1958 ingressus.
1092 1881 1147 1943 Hic
1168 1881 1252 1942 enim
1274 1878 1346 1940 dici-

604 1980 671 2036 tur:
695 1981 732 2036 ut
764 1973 875 2055 Rapum
903 1976 1130 2037 uniuersorum
1156 1973 1344 2051 accepturi,-

602 2083 680 2144 quae
701 2067 795 2128 verba
817 2084 880 2130 uon
908 2069 1022 2144 Regem
1047 2075 1240 2146 praesentem
1266 2065 1344 2128 indi·

603 2168 683 2234 cant,
707 2159 757 2221 sed
781 2169 881 2240 postea
898 2169 1079 2225 venturum.
1103 2161 1342 2235 militantem,

602 2251 714 2312 omisso
734 2253 852 2330 hymno
872 2255 1048 2330 cherubico,
1070 2254 1230 2333 sequentia
1252 2253 1344 2315 verba

604 2345 854 2422 ingeminantur:
874 2345 1160 2428 Eooesacripcium
1172 2344 1343 2423 mysticum

604 2445 633 2500 et
656 2445 921 2502 consummatam.
957 2442 1039 2502 Adeo
1063 2446 1097 2503 ut
1118 2439 1343 2518 unusquisque,

603 2531 720 2594 modica
742 2533 836 2594 etiam
858 2533 1065 2610 intelligentie
1080 2534 1245 2614 praeditus,
1263 2531 1344 2594 inter

603 2640 698 2686 unam
713 2631 744 2686 et
759 2625 885 2688 alteram
900 2627 1093 2689 lunationem
1109 2627 1284 2688 discernere
1295 2641 1344 2686 va-

605 2716 674 2793 leat,
697 2717 771 2780 dum
794 2718 827 2781 in
851 2719 1084 2782 translationem
1102 2718 1346 2782 Praesanctifica-

603 2817 708 2872 torum
729 2811 813 2874 lesus
836 2813 975 2876 Christus
994 2812 1053 2875 sub
1074 2813 1160 2890 panis
1187 2811 1346 2891 speciebus

605 2920 746 2982 praesens
776 2905 956 2982 exhibebam
986 2906 1019 2967 in
1050 2905 1242 2968 caeremonii
1270 2919 1345 2966 vero

604 2997 727 3059 maioris
757 2999 929 3075 ingressus,
953 2997 1030 3061 idem
1064 2999 1211 3061 Dominus
1232 2997 1346 3060 indica·

606 3096 667 3165 tur,
684 3105 747 3152 nan
764 3091 859 3153 veluti
881 3107 1025 3171 praesens
1045 3093 1103 3154 sub
1123 3092 1281 3170 speciebus
1297 3105 1346 3168 pa-

605 3183 652 3244 nis
673 3193 703 3245 et
719 3183 796 3259 vini,
810 3187 862 3248 sed
878 3191 913 3246 ιιι
925 3186 1064 3263 proxime
1077 3185 1249 3259 aoliuturus,
1266 3189 1347 3262 post-

605 3291 698 3354 quam
718 3277 871 3340 nimirum
892 3278 1129 3342 consecrationis
1151 3277 1244 3340 verba
1265 3293 1280 3337 a
1302 3293 1346 3338 sa-

604 3372 726 3434 cerdote
748 3373 863 3451 prolata
881 3381 986 3436 eruut.

375 3466 490 3566 vatpgiffi
502 3467 587 3566 <35³3ng
644 3467 663 3542 ἓ
685 3467 733 3530 37.
757 3467 862 3531 'lertio
892 3483 1079 3547 perpensum
1107 3467 1183 3544 init,
1206 3469 1299 3546 quod,
1321 3466 1346 3527 si

375 3579 460 3620 cantos
488 3584 587 3620 memo·
606 3561 710 3624 Graeci
733 3563 765 3624 in
794 3562 885 3624 rebus
905 3561 997 3624 sacris
1025 3563 1124 3624 edocti
1152 3567 1345 3641 perspectum

375 3631 445 3744 3²3ss}
462 3627 587 3743 ξὲῗζζῧῖἶ
606 3653 718 3719 babent
740 3656 797 3717 sub
826 3655 912 3733 panis
934 3661 964 3717 et
987 3655 1052 3717 vini
1075 3655 1248 3736 speciebus,
1271 3654 1346 3716 dum

377 3733 703 3832 ⁸¹¹3,}{,¹,{,⁸,¹¹1¹,2¹,},·,mai0t
725 3749 882 3824 ingressus
903 3749 1037 3823 ducitur,
1054 3747 1194 3811 nondum
1215 3749 1347 3810 existere

375 3840 586 3896 agennumma.
607 3842 723 3920 Corpus
752 3849 782 3903 et
807 3841 998 3918 Sanguinem
1025 3842 1158 3916 Domini,
1191 3842 1347 3920 iidemque

402 3893 498 3940 Altera:
514 3895 587 3940 indo·

376 3945 412 4010 tes
427 3951 499 3993 actus
510 3957 587 4002 persa
606 3940 736 4010 norunt,
749 3935 829 4013 quod
852 3935 993 4012 ignorare
1009 3951 1073 3998 nou
1088 3942 1228 4013 pessunt,
1243 3935 1347 3997 latriae

375 4001 587 4101 ''b‘ss'f‘i'ieifffflssim
605 4027 724 4088 cultum
744 4027 801 4090 soli
823 4027 884 4089 Deo
909 4027 1025 4102 deberi,
1047 4043 1140 4090 nemo
1162 4029 1230 4092 iure
1250 4027 1347 4105 suspi-

375 4107 588 4216 fi?,}}‡¹¹{,¹0,}¹⁰g¹,}j
606 4119 667 4182 ceri
688 4122 812 4201 poterit,
829 4122 907 4184 banc
921 4122 980 4185 illis
994 4137 1058 4183 esse
1075 4129 1226 4197 mentem,
1242 4132 1277 4184 ut
1292 4137 1347 4200 per

375 4219 431 4260 ⁰1⁰⁵
446 4213 513 4262 tacit.
606 4217 776 4278 exteriores
797 4216 1005 4279 venerationis
1027 4223 1123 4291 actus,
1146 4231 1222 4295 quos
1244 4216 1278 4277 ad
1300 4215 1348 4276 in-

607 4327 747 4388 gressum
769 4312 941 4374 oblatorum
968 4319 1133 4384 exercent,
1157 4309 1262 4371 latriae
1284 4309 1347 4370 cul·

606 4413 674 4468 tum
704 4421 776 4482 erga
796 4406 914 4482 species
938 4419 1002 4466 uon
1031 4403 1129 4466 adbuc
1158 4410 1347 4466 consecratas

606 4498 790 4574 exhibeant3
813 4513 909 4574 auum
932 4498 1057 4558 eaedem
1077 4497 1240 4558 exterioris
1262 4495 1347 4558 obse-

605 4593 703 4671 sequii
724 4593 965 4669 significationes
988 4589 1151 4669 aliquando
1172 4606 1243 4668 erga
1259 4590 1348 4653 Crea-

607 4695 717 4762 torem,
741 4685 904 4765 aliquando
920 4701 994 4747 vero
1008 4701 1080 4761 erga
1097 4703 1144 4748 res
1166 4691 1280 4750 creatas
1294 4699 1346 4744 ex·

606 4777 704 4840 biberi
718 4777 835 4840 soleant
850 4777 1123 4855 (quemadmodum
1139 4780 1171 4841 in
1188 4779 1348 4858 scripturis

606 4871 717 4934 sanctis
739 4870 864 4948 legitur,
889 4871 1097 4932 utranamum
1122 4873 1256 4949 Angelos
1277 4873 1347 4933 atle-

608 4979 699 5038 rasse,
711 4971 742 5026 et
758 4964 843 5026 barcob
858 4980 920 5026 non
934 4964 1032 5026 semel
1048 4982 1151 5027 coram
1162 4965 1257 5028 fratre
1269 4967 1347 5029 Esau

607 5058 815 5136 procubuisse,
833 5064 865 5119 et
886 5057 1005 5122 Nathan
1022 5059 1203 5138 prqtbetam
1219 5060 1299 5121 idem
1316 5061 1347 5120 in

606 5161 770 5230 conspectu
783 5152 875 5214 David
888 5151 1095 5232 praestitisse),
1107 5167 1267 5232 quumque
1278 5155 1349 5215 ado-

608 5247 684 5309 ratio
706 5247 864 5310 latreutica
886 5262 947 5310 non
966 5248 1057 5310 unice
1072 5249 1105 5308 in
1119 5248 1348 5310 actibusexter-

608 5342 655 5403 nis
670 5343 823 5417 consistat,
836 5343 887 5403 sed
903 5344 1084 5424 praesertim
1096 5344 1128 5405 in
1144 5343 1267 5405 interni
1278 5343 1349 5402 ade·

607 5438 709 5500 ctione
724 5439 830 5514 animi,
848 5455 907 5516 qua
923 5437 1101 5500 huiusmodi
1115 5444 1199 5500 actus
1220 5433 1350 5498 eliciun-

609 5541 669 5596 tur.
693 5533 864 5608 Praeterea,
885 5532 911 5594 si
932 5533 1038 5596 Graeci
1058 5533 1090 5594 in
1105 5531 1192 5594 Missi
1206 5532 1348 5594 Praesen-

607 5630 812 5692 otidceterum
842 5627 950 5690 iisdem
980 5626 1140 5689 exterioris
1167 5625 1349 5688 adorationis

609 5723 725 5786 actibus
748 5731 978 5801 prosequuntur
993 5736 1104 5800 panem
1119 5720 1172 5799 qui
1194 5736 1349 5782 consecra-

610 5825 659 5880 tus
680 5827 736 5892 est,
759 5817 914 5894 simulque
934 5815 1045 5877 vinum
1061 5814 1092 5875 in
1108 5815 1200 5876 calice
1221 5823 1349 5876 conten·

611 5919 689 5988 tum,
711 5913 790 5990 quod
813 5919 1025 5973 consecratum
1036 5925 1101 5972 uon
1122 5923 1186 5970 esse
1209 5913 1348 5985 constat;

1119 548 1181 592 ttltt.
1206 548 1295 591 eunt:
1322 547 1361 590 libb
1383 548 1411 590 t‘.
1436 547 1463 592 F·
1490 547 1570 590 PARS
1593 546 1613 588 1.

1397 678 1455 725 nec
1486 664 1554 726 ideo
1576 665 1612 724 iis
1633 664 1795 738 obiicitur,
1818 663 1897 742 quad
1926 661 1957 723 in
1988 654 2143 737 praedicti

1397 757 1483 818 Missi
1499 757 1836 820 Praesanctiiicatorum
1854 755 1919 833 pari
1934 753 2041 814 latriae
2055 750 2142 812 cultu

1397 851 1527 912 adorent
1542 865 1653 927 panem
1667 854 1878 911 consecratum
1889 856 1921 908 et
1932 846 2041 907 vinum
2058 857 2143 902 mere

1397 943 1610 1020 benedictum
1634 943 1702 1020 quia
1715 941 1831 1004 scilicet
1843 940 2037 1002 extrinsecae
2052 935 2144 998 actio·

1398 1051 1453 1098 uos
1468 1035 1506 1096 ab
1526 1036 1650 1096 interno
1666 1035 1760 1097 animi
1783 1051 1876 1096 sensu
1891 1033 2085 1108 diriguntur,
2103 1028 2143 1089 ita

1399 1135 1444 1203 ut,
1459 1145 1512 1208 pro
1527 1130 1610 1190 varia
1625 1129 1738 1190 mentis
1750 1128 1936 1201 intentione,
1948 1141 2030 1187 unus
2047 1123 2143 1184 idem·

1398 1237 1459 1300 que
1479 1227 1580 1296 actus,
1605 1239 1688 1284 nuno
1709 1223 1834 1300 quidem
1864 1219 1971 1282 latriae
1992 1215 2145 1278 adoratio-

1399 1327 1486 1392 nem,
1506 1332 1591 1378 nunc
1612 1322 1717 1378 eutem
1739 1314 1867 1377 minoris
1881 1311 2032 1390 obsequii,
2048 1307 2145 1386 signi·

1401 1409 1574 1470 ticationem
1592 1409 1753 1487 importet;
1771 1425 1809 1470 ex
1823 1408 1880 1470 boc
1893 1407 1956 1482 ipso
1967 1405 2040 1466 satis
2054 1402 2145 1464 evin-

1398 1501 1496 1576 citur,
1519 1502 1615 1582 quod,
1645 1502 1786 1579 quamvis
1817 1501 1910 1562 etiam
1940 1496 2045 1561 Graeci
2069 1495 2145 1558 dum

1400 1593 1497 1656 maior
1517 1595 1654 1672 procedit
1675 1595 1833 1670 ingressus
1855 1593 1887 1654 in
1908 1596 2073 1669 conspectu
2096 1605 2146 1666 pa·

1400 1685 1447 1748 nis
1467 1693 1498 1748 θι
1519 1687 1597 1761 vini,
1620 1703 1697 1766 quae
1718 1689 1857 1750 nondum
1887 1691 2064 1748 consecrata
2087 1681 2146 1764 cirg

1399 1779 1627 1854 camieruntur,
1640 1782 1764 1842 eosdem
1775 1779 1902 1842 ederent
1916 1786 2062 1840 externos
2077 1773 2148 1835 ado·

1399 1874 1525 1936 rationis
1547 1883 1643 1950 actus,
1665 1875 1717 1954 aui
1739 1891 1811 1952 erga
1833 1873 2073 1938 eucharisticum
2095 1885 2147 1946 pa·

1400 1983 1473 2030 nem
1494 1977 1525 2030 et
1546 1976 1759 2033 consecratum
1780 1969 1906 2032 calicem
1932 1965 2074 2029 exbiberi
2098 1978 2146 2024 so·

1400 2061 1476 2137 lent,
1500 2077 1563 2124 non
1586 2061 1652 2124 ideo
1674 2064 1743 2125 iure
1763 2063 1909 2125 affirmari
1931 2067 2045 2140 posset,
2061 2075 2146 2122 com·

1400 2171 1529 2218 munem
1540 2171 1652 2234 panem
1668 2158 1840 2235 vinumque
1852 2172 1915 2218 non
1929 2162 2146 2218 consecratum

1400 2248 1506 2310 latriae
1533 2249 1618 2312 cultu
1643 2249 1680 2311 ab
1701 2250 1738 2310 iis
1759 2249 1893 2326 adorari,
1916 2265 2013 2326 quum
2038 2248 2145 2309 omnia

1400 2342 1503 2404 metiri
1533 2350 1671 2422 oporteat
1691 2360 1730 2405 ex
1751 2343 1891 2406 interiori
1919 2341 2016 2404 animi
2036 2357 2144 2414 sensu,

1399 2436 1486 2499 cuius
1507 2453 1540 2498 ea
1562 2438 1610 2498 ris
1630 2445 1687 2511 est,
1700 2442 1734 2500 ιιι
1756 2435 1878 2498 eosdem
1900 2445 2045 2500 externos
2060 2441 2147 2498 actus

1401 2539 1466 2610 post
1481 2533 1744 2596 consecrationem
1759 2532 1885 2611 attidem
1900 2533 2035 2608 dirigere
2051 2531 2147 2609 possit

1400 2623 1434 2685 ad
1445 2625 1625 2688 eliciendam
1640 2625 1849 2688 adorationem
1860 2626 2055 2689 latreuticam
2071 2640 2147 2701 erga

1400 2717 1636 2780 eucharisticum
1665 2733 1774 2796 panem
1801 2724 1832 2780 et
1855 2718 1980 2794 vinum3
2004 2717 2147 2779 eosdem-

1400 2826 1461 2889 que
1481 2817 1553 2874 unte
1574 2813 1836 2874 consecrationem
1853 2811 1889 2874 ad
1903 2811 2078 2874 solemnem
2094 2809 2146 2872 ob-

1400 2905 1532 2968 latorum
1552 2907 1723 2984 ingressum
1746 2905 1928 2981 exercendo,
1952 2905 2057 2968 latriae
2080 2903 2145 2966 cui·

1401 3009 1469 3062 tum
1491 2999 1528 3062 ab
1549 3000 1611 3062 illis
1632 3000 1796 3063 excludere
1819 2999 1928 3062 valeat.
1953 3001 1995 3062 ita
2015 3001 2051 3062 ad
2075 3013 2147 3062 rem

1401 3101 1538 3158 uestram
1560 3093 1696 3172 apposite
1723 3094 1843 3156 disserit
1863 3091 1925 3156 Leo
1956 3093 2088 3156 Allatius
2111 3093 2146 3154 in

1400 3205 1458 3250 suo
1491 3188 1634 3250 Tractat.
1657 3187 1694 3248 de
1714 3187 1812 3264 Misso
1841 3185 2144 3264 Praesauctificato·

1401 3297 1487 3354 rum,
1503 3297 1591 3344 num.
1605 3283 1644 3342 8.·
1669 3300 1686 3341 ιι
1702 3281 1811 3344 Cultus
1833 3281 1881 3342 bic
1896 3295 1959 3342 non
1974 3280 2089 3343 dicitur
2104 3279 2147 3340 la-

1402 3375 1471 3450 tria,
1488 3391 1565 3454 quae
1579 3375 1634 3436 soli
1650 3376 1713 3438 Deo
1728 3373 1869 3448 debetur,
1885 3375 1937 3436 sed
1953 3374 2077 3452 qualem
2093 3389 2145 3434 ve·

1402 3468 1520 3530 ueratio
1538 3475 1749 3532 creaturarum
1767 3468 1913 3545 exposcit:
1934 3475 2038 3544 gestus
2054 3467 2145 3530 euim

1402 3561 1562 3623 exterioris
1583 3561 1789 3635 reverentiae,
1805 3561 1910 3638 capitis
1925 3559 2039 3622 scilicet
2061 3561 2146 3622 dete-

1402 3654 1480 3729 ctio,
1505 3669 1653 3716 manunm
1676 3654 1792 3729 oscula,
1816 3653 1848 3716 in
1871 3655 1999 3714 modum
2029 3653 2146 3732 suppli-

1401 3750 1538 3812 cantium
1561 3747 1764 3827 complicatie,
1786 3747 1938 3820 extensio,
1960 3746 2092 3809 elevatio
2114 3754 2145 3809 θι

1401 3843 1525 3917 similia,
1547 3858 1688 3904 necnon
1713 3843 1744 3902 in
1766 3856 1866 3917 genua
1889 3842 2093 3917 procumbere
2114 3847 2146 3902 et

1402 3944 1598 4014 prosternere
1617 3952 1650 3996 se
1672 3937 1703 3996 in
1725 3941 1852 4010 terram,
1869 3950 1931 3996 non
1952 3933 2054 3996 solum
2076 3933 2146 3994 ado·

1402 4029 1514 4092 rationi
1526 4029 1592 4104 Dei,
1604 4028 1654 4090 sed
1670 4035 1880 4090 creaturarum
1895 4027 1989 4088 etiam
2003 4027 2145 4088 attribui-

1403 4129 1471 4199 tur3
1488 4138 1545 4185 neo
1555 4122 1589 4185 in
1600 4139 1637 4184 eo
1648 4137 1735 4184 error
1744 4120 1962 4194 committitur,
1974 4121 2145 4182 dummodo

1403 4217 1500 4278 Deum
1522 4217 1696 4280 Creatorem
1720 4231 1736 4274 a
1757 4215 1897 4275 creatura
1917 4221 1948 4274 θι
1969 4219 2145 4276 creaturam

1402 4310 1656 4374 excellentiorem
1676 4325 1691 4369 a
1714 4309 1818 4370 minus
1839 4307 2013 4370 excellente
2037 4316 2144 4370 mente

1402 4404 1638 4482 distinguamus.
1664 4404 1722 4465 Per
1744 4409 1890 4464 externos
1910 4416 1985 4478 ergo
2008 4400 2145 4478 corporis

1404 4508 1508 4574 gestus
1528 4497 1625 4558 mltus
1646 4497 1707 4558 Dee
1728 4495 1883 4557 exhibitus
1905 4495 1937 4557 in
1955 4495 2143 4570 adoratione,

1403 4607 1466 4654 neu
1482 4591 1521 4653 ob
1536 4597 1677 4653 naturam
1699 4589 1850 4650 eiusmodi
1872 4594 2010 4664 actuum,
2032 4589 2084 4650 sed
2106 4589 2145 4649 ob

1403 4685 1611 4746 intentionem
1631 4699 1690 4760 qua
1713 4688 1913 4761 usurpantur,
1935 4695 2004 4744 eum
2019 4681 2092 4742 alias
2105 4697 2142 4742 ex

1402 4778 1464 4838 sold
1487 4777 1595 4838 nature
1615 4777 1678 4838 sint
1699 4775 1922 4849 inclementes,
1943 4775 2029 4836 latria
2051 4774 2144 4838 inler-

1405 4877 1469 4931 tur:
1494 4869 1623 4930 interior
1644 4869 1729 4930 enim
1745 4867 1887 4930 voluntas
1902 4879 1995 4946 atque
2009 4869 2143 4930 intentio

1403 4963 1585 5026 conciliandi
1598 4977 1652 5040 per
1662 4963 1716 5024 hos
1731 4973 1876 5024 externos
1890 4969 1974 5024 actus
1989 4961 2146 5024 existima·

1404 5058 1520 5120 tionem
1542 5055 1693 5130 divinam,
1717 5055 1787 5118 t'acit
1809 5065 1843 5118 ut
1863 5055 1926 5116 sint
1941 5057 2068 5118 materia
2081 5055 2145 5119 cul-

1405 5161 1453 5215 tus
1474 5150 1584 5227 divini,
1608 5159 1700 5229 atque
1714 5155 1787 5214 adeo
1802 5159 1837 5214 ut
1859 5169 1913 5231 per
1927 5153 1996 5215 illos
2010 5152 2145 5214 adoratio

1406 5254 1456 5314 [lei
1479 5251 1614 5313 exterior
1634 5257 1830 5321 exerceatur,
1853 5247 1996 5312 iliricum
2023 5248 2143 5310 cultum

1405 5347 1591 5407 tribuens.»
1618 5343 1649 5406 S.
1680 5344 1811 5407 Thomas
1838 5343 1914 5418 2-2,
1943 5351 2064 5424 quaest.
2085 5346 2141 5420 84,

1404 5447 1470 5505 art.
1494 5438 1540 5502 82
1560 5441 1595 5503 iu
1617 5457 1756 5518 respons.
1780 5439 1821 5502 ab
1836 5439 2020 5512 secuudum,
2038 5441 2078 5502 ita
2094 5441 2145 5501 do-

1404 5545 1466 5600 cet:
1491 5555 1510 5597 ιι
1524 5537 1667 5599 eustratio
1681 5533 1892 5612 principaliter
1906 5534 2031 5612 atridem
2051 5536 2085 5616 in
2098 5535 2145 5596 in·

1405 5632 1519 5694 teriore
1533 5631 1587 5691 Dei
1610 5628 1782 5690 reverentia
1804 5628 1952 5703 consistit,
1968 5627 2145 5690 secundario

1404 5731 1510 5788 eutem
1531 5725 1562 5785 iu
1584 5723 1766 5801 quibusdam
1787 5721 1995 5801 corporalibus
2022 5721 2147 5783 humili·

1406 5822 1474 5882 tatis
1494 5819 1609 5895 signis;
1631 5817 1708 5879 sicut
1734 5816 1983 5893 genuflectimus,
2007 5823 2142 5877 nostram

1404 5913 1620 5976 infirmitatem
1643 5911 1839 5987 designantes
1862 5910 1893 5972 in
1915 5909 2144 5988 comparatione
