<?xml version="1.0" encoding="UTF-8"?>
<!DOCTYPE html PUBLIC "-//W3C//DTD XHTML 1.0 Transitional//EN"
    "http://www.w3.org/TR/xhtml1/DTD/xhtml1-transitional.dtd">
<html xmlns="http://www.w3.org/1999/xhtml" xml:lang="en" lang="en">
 <head>
  <title>
</title>
<meta http-equiv="Content-Type" content="text/html;charset=utf-8" />
  <meta name='ocr-system' content='tesseract 3.04.00' />
  <meta name='ocr-capabilities' content='ocr_page ocr_carea ocr_par ocr_line ocrx_word'/>
</head>
<body>
  <div class='ocr_page' id='page_1' title='image "./iurispontificii02martgoog_0164.png"; bbox 0 0 4764 6972; ppageno 0'>
   <div class='ocr_carea' id='block_1_1' title="bbox 332 583 523 637">
    <p class='ocr_par' dir='ltr' id='par_1_1' title="bbox 332 583 523 637">
     <span class='ocr_line' id='line_1_1' title="bbox 332 583 523 637; baseline -0.01 0"><span class='ocrx_word' id='word_1_1' title='bbox 332 585 387 637; x_wconf 85' lang='lat' dir='ltr'>An.</span> <span class='ocrx_word' id='word_1_2' title='bbox 401 585 432 637; x_wconf 81' lang='lat' dir='ltr'>d.</span> <span class='ocrx_word' id='word_1_3' title='bbox 453 583 523 636; x_wconf 79' lang='lat'>1744</span> 
     </span>
    </p>
   </div>
   <div class='ocr_carea' id='block_1_2' title="bbox 321 2131 536 2285">
    <p class='ocr_par' dir='ltr' id='par_1_2' title="bbox 321 2131 536 2285">
     <span class='ocr_line' id='line_1_2' title="bbox 321 2131 536 2231; baseline -0.005 0"><span class='ocrx_word' id='word_1_4' title='bbox 321 2131 536 2231; x_wconf 64' lang='lat' dir='ltr'>liecestre</span> 
     </span>
     <span class='ocr_line' id='line_1_3' title="bbox 321 2243 397 2285; baseline -0.026 -1"><span class='ocrx_word' id='word_1_5' title='bbox 321 2243 397 2285; x_wconf 85' lang='lat' dir='ltr'>creta.</span> 
     </span>
    </p>
   </div>
   <div class='ocr_carea' id='block_1_3' title="bbox 323 3343 538 3658">
    <p class='ocr_par' dir='ltr' id='par_1_3' title="bbox 323 3343 538 3658">
     <span class='ocr_line' id='line_1_4' title="bbox 357 3343 538 3390; baseline -0.006 0"><span class='ocrx_word' id='word_1_6' title='bbox 357 3343 538 3390; x_wconf 73' lang='lat' dir='ltr'><strong>Fundamenta</strong></span> 
     </span>
     <span class='ocr_line' id='line_1_5' title="bbox 323 3397 537 3444; baseline -0.009 0"><span class='ocrx_word' id='word_1_7' title='bbox 323 3397 389 3444; x_wconf 87' lang='lat' dir='ltr'>iuris</span> <span class='ocrx_word' id='word_1_8' title='bbox 411 3408 426 3442; x_wconf 88' lang='lat' dir='ltr'>a</span> <span class='ocrx_word' id='word_1_9' title='bbox 447 3399 537 3443; x_wconf 88' lang='lat' dir='ltr'>Metro·</span> 
     </span>
     <span class='ocr_line' id='line_1_6' title="bbox 324 3451 538 3551; baseline -0.005 -55"><span class='ocrx_word' id='word_1_10' title='bbox 324 3451 442 3551; x_wconf 63' lang='lat' dir='ltr'>polliano</span> <span class='ocrx_word' id='word_1_11' title='bbox 464 3459 538 3505; x_wconf 87' lang='lat' dir='ltr'>prae-</span> 
     </span>
     <span class='ocr_line' id='line_1_7' title="bbox 336 3504 538 3560; baseline -0.005 -10"><span class='ocrx_word' id='word_1_12' title='bbox 336 3505 406 3560; x_wconf 86' lang='lat' dir='ltr'>ensl;</span> <span class='ocrx_word' id='word_1_13' title='bbox 424 3504 458 3550; x_wconf 90' lang='lat' dir='ltr'>ob</span> <span class='ocrx_word' id='word_1_14' title='bbox 472 3514 538 3559; x_wconf 85' lang='lat' dir='ltr'>quae</span> 
     </span>
     <span class='ocr_line' id='line_1_8' title="bbox 323 3557 538 3658; baseline -0.005 -55"><span class='ocrx_word' id='word_1_15' title='bbox 323 3557 538 3658; x_wconf 61' lang='lat' dir='ltr'>{esolutiodiller</span> 
     </span>
    </p>
   </div>
   <div class='ocr_carea' id='block_1_4' title="bbox 577 584 633 646">
    <p class='ocr_par' dir='ltr' id='par_1_4' title="bbox 577 584 633 646">
     <span class='ocr_line' id='line_1_9' title="bbox 577 584 633 646; baseline -0.018 0"><span class='ocrx_word' id='word_1_16' title='bbox 577 584 633 646; x_wconf 74' lang='lat' dir='ltr'>tlt</span> 
     </span>
    </p>
   </div>
   <div class='ocr_carea' id='block_1_5' title="bbox 552 719 1310 5985">
    <p class='ocr_par' dir='ltr' id='par_1_5' title="bbox 552 719 1310 3303">
     <span class='ocr_line' id='line_1_10' title="bbox 554 719 1306 798; baseline -0.003 -16"><span class='ocrx_word' id='word_1_17' title='bbox 554 720 680 782; x_wconf 84' lang='lat' dir='ltr'>subesse</span> <span class='ocrx_word' id='word_1_18' title='bbox 702 720 825 794; x_wconf 91' lang='lat' dir='ltr'>debere,</span> <span class='ocrx_word' id='word_1_19' title='bbox 841 719 1033 783; x_wconf 87' lang='lat' dir='ltr'>Patriarcbae</span> <span class='ocrx_word' id='word_1_20' title='bbox 1054 725 1161 780; x_wconf 89' lang='lat' dir='ltr'>autem</span> <span class='ocrx_word' id='word_1_21' title='bbox 1183 733 1306 798; x_wconf 91' lang='lat' dir='ltr'>compe-</span> 
     </span>
     <span class='ocr_line' id='line_1_11' title="bbox 554 810 1307 890; baseline -0.001 -16"><span class='ocrx_word' id='word_1_22' title='bbox 554 821 621 874; x_wconf 82' lang='lat' dir='ltr'>tere</span> <span class='ocrx_word' id='word_1_23' title='bbox 653 813 701 874; x_wconf 92' lang='lat' dir='ltr'>ius</span> <span class='ocrx_word' id='word_1_24' title='bbox 731 813 943 890; x_wconf 82' lang='lat' dir='ltr'>stauropegii,</span> <span class='ocrx_word' id='word_1_25' title='bbox 976 812 1129 873; x_wconf 89' lang='lat' dir='ltr'>nimirum</span> <span class='ocrx_word' id='word_1_26' title='bbox 1166 810 1307 888; x_wconf 86' lang='lat' dir='ltr'>figendae</span> 
     </span>
     <span class='ocr_line' id='line_1_12' title="bbox 555 904 1307 978; baseline -0.004 -10"><span class='ocrx_word' id='word_1_27' title='bbox 555 904 662 969; x_wconf 85' lang='lat' dir='ltr'>Crucis</span> <span class='ocrx_word' id='word_1_28' title='bbox 687 906 719 966; x_wconf 94' lang='lat' dir='ltr'>in</span> <span class='ocrx_word' id='word_1_29' title='bbox 747 907 1012 968; x_wconf 77' lang='lat' dir='ltr'>monasteriorum</span> <span class='ocrx_word' id='word_1_30' title='bbox 1043 904 1244 978; x_wconf 80' lang='lat' dir='ltr'>fundatione,</span> <span class='ocrx_word' id='word_1_31' title='bbox 1268 920 1307 965; x_wconf 85' lang='lat' dir='ltr'>er</span> 
     </span>
     <span class='ocr_line' id='line_1_13' title="bbox 553 997 1306 1075; baseline 0 -18"><span class='ocrx_word' id='word_1_32' title='bbox 553 1013 616 1075; x_wconf 92' lang='lat' dir='ltr'>quo</span> <span class='ocrx_word' id='word_1_33' title='bbox 637 997 835 1075; x_wconf 79' lang='lat' dir='ltr'>sequebatur,</span> <span class='ocrx_word' id='word_1_34' title='bbox 854 1006 889 1060; x_wconf 92' lang='lat' dir='ltr'>ut</span> <span class='ocrx_word' id='word_1_35' title='bbox 905 997 1144 1071; x_wconf 89' lang='lat' dir='ltr'>monasterium,</span> <span class='ocrx_word' id='word_1_36' title='bbox 1168 997 1240 1058; x_wconf 90' lang='lat' dir='ltr'>licet</span> <span class='ocrx_word' id='word_1_37' title='bbox 1253 1013 1306 1059; x_wconf 85' lang='lat' dir='ltr'>er-</span> 
     </span>
     <span class='ocr_line' id='line_1_14' title="bbox 554 1089 1307 1168; baseline 0 -18"><span class='ocrx_word' id='word_1_38' title='bbox 554 1098 601 1150; x_wconf 90' lang='lat' dir='ltr'>tra</span> <span class='ocrx_word' id='word_1_39' title='bbox 623 1091 761 1168; x_wconf 91' lang='lat' dir='ltr'>ipsorum</span> <span class='ocrx_word' id='word_1_40' title='bbox 783 1091 972 1167; x_wconf 80' lang='lat' dir='ltr'>peculiarem</span> <span class='ocrx_word' id='word_1_41' title='bbox 994 1091 1171 1164; x_wconf 89' lang='lat' dir='ltr'>dioecesim,</span> <span class='ocrx_word' id='word_1_42' title='bbox 1194 1090 1227 1152; x_wconf 95' lang='lat' dir='ltr'>in</span> <span class='ocrx_word' id='word_1_43' title='bbox 1253 1089 1307 1150; x_wconf 90' lang='lat' dir='ltr'>aii·</span> 
     </span>
     <span class='ocr_line' id='line_1_15' title="bbox 553 1181 1306 1261; baseline 0.003 -19"><span class='ocrx_word' id='word_1_44' title='bbox 553 1181 641 1243; x_wconf 89' lang='lat' dir='ltr'>cuius</span> <span class='ocrx_word' id='word_1_45' title='bbox 672 1181 813 1261; x_wconf 80' lang='lat' dir='ltr'>Episcopi</span> <span class='ocrx_word' id='word_1_46' title='bbox 845 1183 1032 1258; x_wconf 80' lang='lat' dir='ltr'>suffraganei</span> <span class='ocrx_word' id='word_1_47' title='bbox 1062 1183 1176 1244; x_wconf 80' lang='lat' dir='ltr'>unibus</span> <span class='ocrx_word' id='word_1_48' title='bbox 1207 1183 1306 1244; x_wconf 90' lang='lat' dir='ltr'>situm</span> 
     </span>
     <span class='ocr_line' id='line_1_16' title="bbox 554 1275 1307 1353; baseline 0.003 -19"><span class='ocrx_word' id='word_1_49' title='bbox 554 1282 653 1348; x_wconf 91' lang='lat' dir='ltr'>esset,</span> <span class='ocrx_word' id='word_1_50' title='bbox 683 1275 741 1353; x_wconf 93' lang='lat' dir='ltr'>ipsi</span> <span class='ocrx_word' id='word_1_51' title='bbox 769 1283 874 1337; x_wconf 90' lang='lat' dir='ltr'>tamen</span> <span class='ocrx_word' id='word_1_52' title='bbox 903 1275 1094 1337; x_wconf 88' lang='lat' dir='ltr'>Patriarcbae</span> <span class='ocrx_word' id='word_1_53' title='bbox 1127 1275 1307 1337; x_wconf 83' lang='lat' dir='ltr'>immediate</span> 
     </span>
     <span class='ocr_line' id='line_1_17' title="bbox 552 1367 1305 1446; baseline 0 -18"><span class='ocrx_word' id='word_1_54' title='bbox 552 1367 739 1443; x_wconf 87' lang='lat' dir='ltr'>subiectum,</span> <span class='ocrx_word' id='word_1_55' title='bbox 757 1375 849 1446; x_wconf 89' lang='lat' dir='ltr'>atque</span> <span class='ocrx_word' id='word_1_56' title='bbox 864 1367 902 1430; x_wconf 92' lang='lat' dir='ltr'>ab</span> <span class='ocrx_word' id='word_1_57' title='bbox 917 1368 1138 1446; x_wconf 85' lang='lat' dir='ltr'>Episcoporum</span> <span class='ocrx_word' id='word_1_58' title='bbox 1161 1367 1305 1429; x_wconf 86' lang='lat' dir='ltr'>localium</span> 
     </span>
     <span class='ocr_line' id='line_1_18' title="bbox 554 1461 1307 1540; baseline 0 -18"><span class='ocrx_word' id='word_1_59' title='bbox 554 1461 770 1523; x_wconf 88' lang='lat' dir='ltr'>iurisdictione</span> <span class='ocrx_word' id='word_1_60' title='bbox 797 1463 929 1523; x_wconf 90' lang='lat' dir='ltr'>omnino</span> <span class='ocrx_word' id='word_1_61' title='bbox 960 1469 1142 1540; x_wconf 82' lang='lat' dir='ltr'>exemptum</span> <span class='ocrx_word' id='word_1_62' title='bbox 1164 1477 1307 1522; x_wconf 87' lang='lat' dir='ltr'>remane·</span> 
     </span>
     <span class='ocr_line' id='line_1_19' title="bbox 553 1553 1304 1632; baseline 0 -17"><span class='ocrx_word' id='word_1_63' title='bbox 553 1562 617 1629; x_wconf 80' lang='lat' dir='ltr'>ret3</span> <span class='ocrx_word' id='word_1_64' title='bbox 648 1562 784 1616; x_wconf 75' lang='lat' dir='ltr'>attamen</span> <span class='ocrx_word' id='word_1_65' title='bbox 817 1553 995 1616; x_wconf 88' lang='lat' dir='ltr'>huiusmodi</span> <span class='ocrx_word' id='word_1_66' title='bbox 1027 1555 1216 1632; x_wconf 87' lang='lat' dir='ltr'>stauropegii</span> <span class='ocrx_word' id='word_1_67' title='bbox 1245 1553 1304 1630; x_wconf 92' lang='lat' dir='ltr'>ius,</span> 
     </span>
     <span class='ocr_line' id='line_1_20' title="bbox 554 1647 1304 1725; baseline -0.001 -17"><span class='ocrx_word' id='word_1_68' title='bbox 554 1647 635 1725; x_wconf 89' lang='lat' dir='ltr'>quod</span> <span class='ocrx_word' id='word_1_69' title='bbox 651 1648 847 1722; x_wconf 85' lang='lat' dir='ltr'>Patriarclris,</span> <span class='ocrx_word' id='word_1_70' title='bbox 864 1654 1018 1725; x_wconf 84' lang='lat' dir='ltr'>utsupra,</span> <span class='ocrx_word' id='word_1_71' title='bbox 1035 1663 1217 1710; x_wconf 88' lang='lat' dir='ltr'>concessum</span> <span class='ocrx_word' id='word_1_72' title='bbox 1234 1647 1304 1723; x_wconf 89' lang='lat' dir='ltr'>luit,</span> 
     </span>
     <span class='ocr_line' id='line_1_21' title="bbox 554 1739 1305 1818; baseline -0.004 -15"><span class='ocrx_word' id='word_1_73' title='bbox 554 1755 718 1818; x_wconf 89' lang='lat' dir='ltr'>nunquam</span> <span class='ocrx_word' id='word_1_74' title='bbox 734 1742 770 1804; x_wconf 89' lang='lat' dir='ltr'>ad</span> <span class='ocrx_word' id='word_1_75' title='bbox 784 1740 1036 1818; x_wconf 89' lang='lat' dir='ltr'>Metropolitanos</span> <span class='ocrx_word' id='word_1_76' title='bbox 1052 1748 1218 1802; x_wconf 87' lang='lat' dir='ltr'>extensum</span> <span class='ocrx_word' id='word_1_77' title='bbox 1232 1739 1305 1803; x_wconf 90' lang='lat' dir='ltr'>luis-</span> 
     </span>
     <span class='ocr_line' id='line_1_22' title="bbox 553 1832 1305 1911; baseline -0.001 -17"><span class='ocrx_word' id='word_1_78' title='bbox 553 1848 587 1894; x_wconf 89' lang='lat' dir='ltr'>se</span> <span class='ocrx_word' id='word_1_79' title='bbox 608 1833 829 1910; x_wconf 82' lang='lat' dir='ltr'>oognovimus3</span> <span class='ocrx_word' id='word_1_80' title='bbox 852 1833 995 1911; x_wconf 86' lang='lat' dir='ltr'>quinimo</span> <span class='ocrx_word' id='word_1_81' title='bbox 1016 1833 1113 1895; x_wconf 87' lang='lat' dir='ltr'>sicubi</span> <span class='ocrx_word' id='word_1_82' title='bbox 1134 1833 1197 1894; x_wconf 91' lang='lat' dir='ltr'>tale</span> <span class='ocrx_word' id='word_1_83' title='bbox 1218 1832 1305 1911; x_wconf 92' lang='lat' dir='ltr'>quid-</span> 
     </span>
     <span class='ocr_line' id='line_1_23' title="bbox 554 1925 1305 2002; baseline -0.001 -16"><span class='ocrx_word' id='word_1_84' title='bbox 554 1925 636 2002; x_wconf 86' lang='lat' dir='ltr'>piam</span> <span class='ocrx_word' id='word_1_85' title='bbox 651 1926 689 1986; x_wconf 89' lang='lat' dir='ltr'>ab</span> <span class='ocrx_word' id='word_1_86' title='bbox 701 1925 749 1986; x_wconf 83' lang='lat' dir='ltr'>iris</span> <span class='ocrx_word' id='word_1_87' title='bbox 762 1933 951 1988; x_wconf 87' lang='lat' dir='ltr'>attentatum</span> <span class='ocrx_word' id='word_1_88' title='bbox 967 1925 1038 2000; x_wconf 92' lang='lat' dir='ltr'>luit,</span> <span class='ocrx_word' id='word_1_89' title='bbox 1052 1925 1081 1986; x_wconf 89' lang='lat' dir='ltr'>id</span> <span class='ocrx_word' id='word_1_90' title='bbox 1099 1925 1197 1987; x_wconf 90' lang='lat' dir='ltr'>veluti</span> <span class='ocrx_word' id='word_1_91' title='bbox 1214 1927 1305 1988; x_wconf 81' lang='lat' dir='ltr'>alieni</span> 
     </span>
     <span class='ocr_line' id='line_1_24' title="bbox 555 2017 1307 2096; baseline 0.001 -18"><span class='ocrx_word' id='word_1_92' title='bbox 555 2017 633 2079; x_wconf 92' lang='lat' dir='ltr'>iuris</span> <span class='ocrx_word' id='word_1_93' title='bbox 655 2019 889 2095; x_wconf 89' lang='lat' dir='ltr'>usurpationem</span> <span class='ocrx_word' id='word_1_94' title='bbox 901 2019 1041 2080; x_wconf 89' lang='lat' dir='ltr'>habitum</span> <span class='ocrx_word' id='word_1_95' title='bbox 1064 2017 1157 2080; x_wconf 89' lang='lat' dir='ltr'>luisse</span> <span class='ocrx_word' id='word_1_96' title='bbox 1178 2034 1307 2096; x_wconf 90' lang='lat' dir='ltr'>eonspe-</span> 
     </span>
     <span class='ocr_line' id='line_1_25' title="bbox 556 2109 1305 2187; baseline 0 -17"><span class='ocrx_word' id='word_1_97' title='bbox 556 2109 669 2172; x_wconf 85' lang='lat' dir='ltr'>rimus.</span> <span class='ocrx_word' id='word_1_98' title='bbox 694 2109 773 2172; x_wconf 89' lang='lat' dir='ltr'>iilud</span> <span class='ocrx_word' id='word_1_99' title='bbox 796 2125 871 2172; x_wconf 90' lang='lat' dir='ltr'>vero</span> <span class='ocrx_word' id='word_1_100' title='bbox 896 2110 1094 2187; x_wconf 88' lang='lat' dir='ltr'>potissimum</span> <span class='ocrx_word' id='word_1_101' title='bbox 1116 2125 1172 2171; x_wconf 92' lang='lat' dir='ltr'>nos</span> <span class='ocrx_word' id='word_1_102' title='bbox 1194 2110 1305 2186; x_wconf 89' lang='lat' dir='ltr'>movit,</span> 
     </span>
     <span class='ocr_line' id='line_1_26' title="bbox 554 2202 1305 2282; baseline 0 -18"><span class='ocrx_word' id='word_1_103' title='bbox 554 2203 636 2280; x_wconf 90' lang='lat' dir='ltr'>quod</span> <span class='ocrx_word' id='word_1_104' title='bbox 658 2202 954 2277; x_wconf 80' lang='lat' dir='ltr'>animadvertimus,</span> <span class='ocrx_word' id='word_1_105' title='bbox 977 2203 1184 2282; x_wconf 89' lang='lat' dir='ltr'>supradictam</span> <span class='ocrx_word' id='word_1_106' title='bbox 1206 2204 1305 2281; x_wconf 87' lang='lat' dir='ltr'>Syno-</span> 
     </span>
     <span class='ocr_line' id='line_1_27' title="bbox 555 2294 1307 2374; baseline 0.003 -19"><span class='ocrx_word' id='word_1_107' title='bbox 555 2294 631 2356; x_wconf 91' lang='lat' dir='ltr'>dum</span> <span class='ocrx_word' id='word_1_108' title='bbox 654 2295 828 2358; x_wconf 88' lang='lat' dir='ltr'>Zamosciae</span> <span class='ocrx_word' id='word_1_109' title='bbox 859 2295 995 2357; x_wconf 88' lang='lat' dir='ltr'>habitam</span> <span class='ocrx_word' id='word_1_110' title='bbox 1016 2295 1153 2357; x_wconf 88' lang='lat' dir='ltr'>studiose</span> <span class='ocrx_word' id='word_1_111' title='bbox 1180 2297 1307 2374; x_wconf 90' lang='lat' dir='ltr'>quidem</span> 
     </span>
     <span class='ocr_line' id='line_1_28' title="bbox 554 2387 1306 2463; baseline 0.001 -14"><span class='ocrx_word' id='word_1_112' title='bbox 554 2404 695 2463; x_wconf 87' lang='lat' dir='ltr'>curasse,</span> <span class='ocrx_word' id='word_1_113' title='bbox 719 2395 753 2451; x_wconf 89' lang='lat' dir='ltr'>ut</span> <span class='ocrx_word' id='word_1_114' title='bbox 785 2388 974 2450; x_wconf 85' lang='lat' dir='ltr'>monasteria</span> <span class='ocrx_word' id='word_1_115' title='bbox 1004 2387 1123 2450; x_wconf 89' lang='lat' dir='ltr'>ordinis</span> <span class='ocrx_word' id='word_1_116' title='bbox 1148 2388 1179 2451; x_wconf 89' lang='lat' dir='ltr'>S.</span> <span class='ocrx_word' id='word_1_117' title='bbox 1204 2388 1306 2451; x_wconf 88' lang='lat' dir='ltr'>Basilii</span> 
     </span>
     <span class='ocr_line' id='line_1_29' title="bbox 555 2480 1308 2558; baseline 0.003 -18"><span class='ocrx_word' id='word_1_118' title='bbox 555 2480 735 2557; x_wconf 85' lang='lat' dir='ltr'>provinciae</span> <span class='ocrx_word' id='word_1_119' title='bbox 756 2480 902 2543; x_wconf 91' lang='lat' dir='ltr'>Poloniae</span> <span class='ocrx_word' id='word_1_120' title='bbox 924 2481 956 2542; x_wconf 92' lang='lat' dir='ltr'>in</span> <span class='ocrx_word' id='word_1_121' title='bbox 978 2496 1075 2542; x_wconf 90' lang='lat' dir='ltr'>unam</span> <span class='ocrx_word' id='word_1_122' title='bbox 1096 2483 1308 2558; x_wconf 90' lang='lat' dir='ltr'>congregatio-</span> 
     </span>
     <span class='ocr_line' id='line_1_30' title="bbox 557 2573 1307 2650; baseline 0 -16"><span class='ocrx_word' id='word_1_123' title='bbox 557 2587 630 2634; x_wconf 85' lang='lat' dir='ltr'>nem</span> <span class='ocrx_word' id='word_1_124' title='bbox 646 2573 873 2650; x_wconf 80' lang='lat' dir='ltr'>convenirent3</span> <span class='ocrx_word' id='word_1_125' title='bbox 891 2573 928 2634; x_wconf 90' lang='lat' dir='ltr'>de</span> <span class='ocrx_word' id='word_1_126' title='bbox 943 2573 1307 2636; x_wconf 78' lang='lat' dir='ltr'>Proto-Archimandrita</span> 
     </span>
     <span class='ocr_line' id='line_1_31' title="bbox 556 2666 1307 2742; baseline 0.007 -17"><span class='ocrx_word' id='word_1_127' title='bbox 556 2673 659 2727; x_wconf 90' lang='lat' dir='ltr'>autem</span> <span class='ocrx_word' id='word_1_128' title='bbox 683 2667 915 2742; x_wconf 70' lang='lat' dir='ltr'>decrevissent</span> <span class='ocrx_word' id='word_1_129' title='bbox 929 2666 974 2728; x_wconf 92' lang='lat' dir='ltr'>illi</span> <span class='ocrx_word' id='word_1_130' title='bbox 990 2667 1140 2740; x_wconf 86' lang='lat' dir='ltr'>subesset,</span> <span class='ocrx_word' id='word_1_131' title='bbox 1157 2667 1207 2729; x_wconf 84' lang='lat' dir='ltr'>cui</span> <span class='ocrx_word' id='word_1_132' title='bbox 1221 2683 1307 2730; x_wconf 90' lang='lat' dir='ltr'>eum-</span> 
     </span>
     <span class='ocr_line' id='line_1_32' title="bbox 555 2758 1307 2838; baseline 0 -18"><span class='ocrx_word' id='word_1_133' title='bbox 555 2758 626 2820; x_wconf 91' lang='lat' dir='ltr'>dem</span> <span class='ocrx_word' id='word_1_134' title='bbox 648 2758 758 2820; x_wconf 90' lang='lat' dir='ltr'>subiici</span> <span class='ocrx_word' id='word_1_135' title='bbox 779 2760 893 2821; x_wconf 90' lang='lat' dir='ltr'>debere</span> <span class='ocrx_word' id='word_1_136' title='bbox 914 2759 1087 2838; x_wconf 77' lang='lat' dir='ltr'>Apostolica</span> <span class='ocrx_word' id='word_1_137' title='bbox 1111 2760 1206 2823; x_wconf 87' lang='lat' dir='ltr'>Sedes</span> <span class='ocrx_word' id='word_1_138' title='bbox 1229 2761 1307 2822; x_wconf 90' lang='lat' dir='ltr'>iudi·</span> 
     </span>
     <span class='ocr_line' id='line_1_33' title="bbox 555 2852 1308 2930; baseline 0.004 -18"><span class='ocrx_word' id='word_1_139' title='bbox 555 2859 662 2914; x_wconf 90' lang='lat' dir='ltr'>casset.</span> <span class='ocrx_word' id='word_1_140' title='bbox 696 2852 798 2930; x_wconf 88' lang='lat' dir='ltr'>litque</span> <span class='ocrx_word' id='word_1_141' title='bbox 826 2852 950 2927; x_wconf 87' lang='lat' dir='ltr'>eadem,</span> <span class='ocrx_word' id='word_1_142' title='bbox 983 2853 1037 2914; x_wconf 89' lang='lat' dir='ltr'>ubi</span> <span class='ocrx_word' id='word_1_143' title='bbox 1065 2853 1103 2915; x_wconf 91' lang='lat' dir='ltr'>de</span> <span class='ocrx_word' id='word_1_144' title='bbox 1131 2854 1308 2916; x_wconf 87' lang='lat' dir='ltr'>visitatione</span> 
     </span>
     <span class='ocr_line' id='line_1_34' title="bbox 555 2944 1308 3023; baseline 0 -17"><span class='ocrx_word' id='word_1_145' title='bbox 555 2944 832 3020; x_wconf 88' lang='lat' dir='ltr'>monasteriorum,</span> <span class='ocrx_word' id='word_1_146' title='bbox 846 2947 946 3022; x_wconf 81' lang='lat' dir='ltr'>deque</span> <span class='ocrx_word' id='word_1_147' title='bbox 967 2945 1110 3023; x_wconf 90' lang='lat' dir='ltr'>pluribus</span> <span class='ocrx_word' id='word_1_148' title='bbox 1131 2945 1198 3007; x_wconf 91' lang='lat' dir='ltr'>aliis</span> <span class='ocrx_word' id='word_1_149' title='bbox 1213 2947 1250 3008; x_wconf 88' lang='lat' dir='ltr'>ad</span> <span class='ocrx_word' id='word_1_150' title='bbox 1264 2945 1308 3006; x_wconf 93' lang='lat' dir='ltr'>di-</span> 
     </span>
     <span class='ocr_line' id='line_1_35' title="bbox 555 3037 1308 3116; baseline 0 -18"><span class='ocrx_word' id='word_1_151' title='bbox 555 3037 718 3115; x_wconf 89' lang='lat' dir='ltr'>sciplinam</span> <span class='ocrx_word' id='word_1_152' title='bbox 730 3037 960 3116; x_wconf 91' lang='lat' dir='ltr'>pertinentibus</span> <span class='ocrx_word' id='word_1_153' title='bbox 975 3039 1098 3100; x_wconf 88' lang='lat' dir='ltr'>decreta</span> <span class='ocrx_word' id='word_1_154' title='bbox 1120 3037 1225 3112; x_wconf 90' lang='lat' dir='ltr'>edidit,</span> <span class='ocrx_word' id='word_1_155' title='bbox 1242 3053 1308 3098; x_wconf 93' lang='lat' dir='ltr'>om-</span> 
     </span>
     <span class='ocr_line' id='line_1_36' title="bbox 556 3129 1310 3194; baseline 0.001 -2"><span class='ocrx_word' id='word_1_156' title='bbox 556 3129 608 3192; x_wconf 89' lang='lat' dir='ltr'>nia</span> <span class='ocrx_word' id='word_1_157' title='bbox 642 3130 766 3192; x_wconf 81' lang='lat' dir='ltr'>reduxit</span> <span class='ocrx_word' id='word_1_158' title='bbox 795 3129 831 3190; x_wconf 87' lang='lat' dir='ltr'>ad</span> <span class='ocrx_word' id='word_1_159' title='bbox 862 3131 940 3191; x_wconf 91' lang='lat' dir='ltr'>sacri</span> <span class='ocrx_word' id='word_1_160' title='bbox 969 3129 1099 3192; x_wconf 79' lang='lat' dir='ltr'>concilii</span> <span class='ocrx_word' id='word_1_161' title='bbox 1133 3131 1310 3194; x_wconf 85' lang='lat' dir='ltr'>Tridentini</span> 
     </span>
     <span class='ocr_line' id='line_1_37' title="bbox 558 3224 793 3303; baseline 0 -21"><span class='ocrx_word' id='word_1_162' title='bbox 558 3224 793 3303; x_wconf 89' lang='lat' dir='ltr'>praescriptum.</span> 
     </span>
    </p>

    <p class='ocr_par' dir='ltr' id='par_1_6' title="bbox 556 3315 1310 5985">
     <span class='ocr_line' id='line_1_38' title="bbox 596 3315 1307 3391; baseline -0.001 -14"><span class='ocrx_word' id='word_1_163' title='bbox 596 3315 686 3390; x_wconf 65' lang='lat' dir='ltr'>§ile</span> <span class='ocrx_word' id='word_1_164' title='bbox 711 3315 790 3377; x_wconf 89' lang='lat' dir='ltr'>ilaec</span> <span class='ocrx_word' id='word_1_165' title='bbox 817 3315 971 3376; x_wconf 90' lang='lat' dir='ltr'>nimirum</span> <span class='ocrx_word' id='word_1_166' title='bbox 992 3316 1026 3376; x_wconf 93' lang='lat' dir='ltr'>in</span> <span class='ocrx_word' id='word_1_167' title='bbox 1048 3332 1137 3378; x_wconf 89' lang='lat' dir='ltr'>causa</span> <span class='ocrx_word' id='word_1_168' title='bbox 1165 3316 1307 3391; x_wconf 91' lang='lat' dir='ltr'>luerunt,</span> 
     </span>
     <span class='ocr_line' id='line_1_39' title="bbox 557 3408 1307 3486; baseline -0.004 -14"><span class='ocrx_word' id='word_1_169' title='bbox 557 3426 613 3472; x_wconf 89' lang='lat' dir='ltr'>cur</span> <span class='ocrx_word' id='word_1_170' title='bbox 633 3409 705 3470; x_wconf 87' lang='lat' dir='ltr'>alias</span> <span class='ocrx_word' id='word_1_171' title='bbox 725 3425 741 3469; x_wconf 92' lang='lat' dir='ltr'>a</span> <span class='ocrx_word' id='word_1_172' title='bbox 764 3409 850 3471; x_wconf 76' lang='lat' dir='ltr'>nobis</span> <span class='ocrx_word' id='word_1_173' title='bbox 873 3408 920 3470; x_wconf 90' lang='lat' dir='ltr'>ius</span> <span class='ocrx_word' id='word_1_174' title='bbox 940 3409 1204 3486; x_wconf 87' lang='lat' dir='ltr'>metropoliticum</span> <span class='ocrx_word' id='word_1_175' title='bbox 1223 3409 1307 3470; x_wconf 91' lang='lat' dir='ltr'>reda-</span> 
     </span>
     <span class='ocr_line' id='line_1_40' title="bbox 556 3501 1309 3582; baseline -0.001 -18"><span class='ocrx_word' id='word_1_176' title='bbox 556 3511 642 3564; x_wconf 92' lang='lat' dir='ltr'>otum</span> <span class='ocrx_word' id='word_1_177' title='bbox 654 3501 750 3564; x_wconf 90' lang='lat' dir='ltr'>luerit</span> <span class='ocrx_word' id='word_1_178' title='bbox 765 3502 801 3562; x_wconf 92' lang='lat' dir='ltr'>ad</span> <span class='ocrx_word' id='word_1_179' title='bbox 818 3502 970 3563; x_wconf 90' lang='lat' dir='ltr'>terminos</span> <span class='ocrx_word' id='word_1_180' title='bbox 984 3502 1221 3582; x_wconf 89' lang='lat' dir='ltr'>apostolicarum</span> <span class='ocrx_word' id='word_1_181' title='bbox 1236 3519 1309 3565; x_wconf 90' lang='lat' dir='ltr'>eon-</span> 
     </span>
     <span class='ocr_line' id='line_1_41' title="bbox 556 3594 1309 3659; baseline -0.004 -1"><span class='ocrx_word' id='word_1_182' title='bbox 556 3595 761 3659; x_wconf 90' lang='lat' dir='ltr'>stitutionnm</span> <span class='ocrx_word' id='word_1_183' title='bbox 789 3595 935 3658; x_wconf 88' lang='lat' dir='ltr'>ecclesiae</span> <span class='ocrx_word' id='word_1_184' title='bbox 955 3594 1152 3657; x_wconf 88' lang='lat' dir='ltr'>occidentalis</span> <span class='ocrx_word' id='word_1_185' title='bbox 1179 3603 1211 3655; x_wconf 90' lang='lat' dir='ltr'>et</span> <span class='ocrx_word' id='word_1_186' title='bbox 1231 3596 1309 3657; x_wconf 87' lang='lat' dir='ltr'>sacri</span> 
     </span>
     <span class='ocr_line' id='line_1_42' title="bbox 558 3687 1310 3754; baseline -0.004 -2"><span class='ocrx_word' id='word_1_187' title='bbox 558 3689 734 3752; x_wconf 80' lang='lat' dir='ltr'>Tridentini</span> <span class='ocrx_word' id='word_1_188' title='bbox 765 3687 908 3754; x_wconf 81' lang='lat' dir='ltr'>Consilii.</span> <span class='ocrx_word' id='word_1_189' title='bbox 943 3687 1064 3749; x_wconf 87' lang='lat' dir='ltr'>Verum</span> <span class='ocrx_word' id='word_1_190' title='bbox 1093 3696 1164 3750; x_wconf 85' lang='lat' dir='ltr'>oum</span> <span class='ocrx_word' id='word_1_191' title='bbox 1196 3687 1310 3749; x_wconf 89' lang='lat' dir='ltr'>deiude</span> 
     </span>
     <span class='ocr_line' id='line_1_43' title="bbox 558 3779 1309 3858; baseline -0.004 -15"><span class='ocrx_word' id='word_1_192' title='bbox 558 3783 656 3844; x_wconf 86' lang='lat' dir='ltr'>oblata</span> <span class='ocrx_word' id='word_1_193' title='bbox 671 3781 761 3842; x_wconf 91' lang='lat' dir='ltr'>nobis</span> <span class='ocrx_word' id='word_1_194' title='bbox 778 3781 1007 3858; x_wconf 79' lang='lat' dir='ltr'>inspexerimus</span> <span class='ocrx_word' id='word_1_195' title='bbox 1022 3779 1144 3842; x_wconf 90' lang='lat' dir='ltr'>decreta</span> <span class='ocrx_word' id='word_1_196' title='bbox 1159 3782 1309 3858; x_wconf 90' lang='lat' dir='ltr'>quaedam</span> 
     </span>
     <span class='ocr_line' id='line_1_44' title="bbox 559 3873 1308 3951; baseline -0.005 -13"><span class='ocrx_word' id='word_1_197' title='bbox 559 3875 816 3951; x_wconf 83' lang='lat' dir='ltr'>congregationis</span> <span class='ocrx_word' id='word_1_198' title='bbox 830 3873 867 3935; x_wconf 90' lang='lat' dir='ltr'>de</span> <span class='ocrx_word' id='word_1_199' title='bbox 881 3874 1077 3951; x_wconf 88' lang='lat' dir='ltr'>Propaganda</span> <span class='ocrx_word' id='word_1_200' title='bbox 1090 3873 1162 3936; x_wconf 82' lang='lat' dir='ltr'>Fide</span> <span class='ocrx_word' id='word_1_201' title='bbox 1175 3882 1206 3935; x_wconf 91' lang='lat' dir='ltr'>et</span> <span class='ocrx_word' id='word_1_202' title='bbox 1221 3890 1308 3951; x_wconf 91' lang='lat' dir='ltr'>quas-</span> 
     </span>
     <span class='ocr_line' id='line_1_45' title="bbox 557 3966 1310 4046; baseline -0.003 -16"><span class='ocrx_word' id='word_1_203' title='bbox 557 3971 628 4031; x_wconf 85' lang='lat' dir='ltr'>dam</span> <span class='ocrx_word' id='word_1_204' title='bbox 650 3969 755 4029; x_wconf 90' lang='lat' dir='ltr'>literas</span> <span class='ocrx_word' id='word_1_205' title='bbox 776 3966 892 4029; x_wconf 88' lang='lat' dir='ltr'>Urbani</span> <span class='ocrx_word' id='word_1_206' title='bbox 914 3966 1012 4046; x_wconf 87' lang='lat' dir='ltr'>Papae</span> <span class='ocrx_word' id='word_1_207' title='bbox 1033 3966 1109 4028; x_wconf 85' lang='lat' dir='ltr'>Vill.</span> <span class='ocrx_word' id='word_1_208' title='bbox 1132 3967 1310 4044; x_wconf 88' lang='lat' dir='ltr'>praedeces-</span> 
     </span>
     <span class='ocr_line' id='line_1_46' title="bbox 556 4058 1308 4138; baseline -0.004 -16"><span class='ocrx_word' id='word_1_209' title='bbox 556 4062 634 4122; x_wconf 90' lang='lat' dir='ltr'>soris</span> <span class='ocrx_word' id='word_1_210' title='bbox 656 4059 766 4134; x_wconf 91' lang='lat' dir='ltr'>nostri,</span> <span class='ocrx_word' id='word_1_211' title='bbox 790 4059 958 4138; x_wconf 90' lang='lat' dir='ltr'>inquibus</span> <span class='ocrx_word' id='word_1_212' title='bbox 983 4058 1213 4138; x_wconf 88' lang='lat' dir='ltr'>Metropolitani</span> <span class='ocrx_word' id='word_1_213' title='bbox 1241 4060 1308 4122; x_wconf 87' lang='lat' dir='ltr'>iura</span> 
     </span>
     <span class='ocr_line' id='line_1_47' title="bbox 557 4152 1308 4237; baseline -0.003 -21"><span class='ocrx_word' id='word_1_214' title='bbox 557 4165 621 4216; x_wconf 88' lang='lat' dir='ltr'>tam</span> <span class='ocrx_word' id='word_1_215' title='bbox 638 4153 670 4216; x_wconf 93' lang='lat' dir='ltr'>in</span> <span class='ocrx_word' id='word_1_216' title='bbox 687 4153 866 4228; x_wconf 84' lang='lat' dir='ltr'>monachos,</span> <span class='ocrx_word' id='word_1_217' title='bbox 883 4167 977 4237; x_wconf 86' lang='lat' dir='ltr'>quam</span> <span class='ocrx_word' id='word_1_218' title='bbox 999 4153 1032 4213; x_wconf 89' lang='lat' dir='ltr'>in</span> <span class='ocrx_word' id='word_1_219' title='bbox 1048 4152 1179 4214; x_wconf 80' lang='lat' dir='ltr'>Abbetes</span> <span class='ocrx_word' id='word_1_220' title='bbox 1194 4154 1308 4215; x_wconf 87' lang='lat' dir='ltr'>intacta</span> 
     </span>
     <span class='ocr_line' id='line_1_48' title="bbox 557 4245 1309 4323; baseline -0.001 -16"><span class='ocrx_word' id='word_1_221' title='bbox 557 4254 777 4321; x_wconf 80' lang='lat' dir='ltr'>reservantur3</span> <span class='ocrx_word' id='word_1_222' title='bbox 800 4261 935 4323; x_wconf 87' lang='lat' dir='ltr'>cumque</span> <span class='ocrx_word' id='word_1_223' title='bbox 958 4245 1048 4322; x_wconf 87' lang='lat' dir='ltr'>plura</span> <span class='ocrx_word' id='word_1_224' title='bbox 1070 4245 1157 4306; x_wconf 92' lang='lat' dir='ltr'>nobis</span> <span class='ocrx_word' id='word_1_225' title='bbox 1179 4245 1309 4321; x_wconf 87' lang='lat' dir='ltr'>allegata</span> 
     </span>
     <span class='ocr_line' id='line_1_49' title="bbox 558 4339 1309 4416; baseline 0 -16"><span class='ocrx_word' id='word_1_226' title='bbox 558 4339 676 4401; x_wconf 89' lang='lat' dir='ltr'>inerint</span> <span class='ocrx_word' id='word_1_227' title='bbox 697 4347 772 4412; x_wconf 90' lang='lat' dir='ltr'>acta,</span> <span class='ocrx_word' id='word_1_228' title='bbox 792 4349 858 4400; x_wconf 91' lang='lat' dir='ltr'>tum</span> <span class='ocrx_word' id='word_1_229' title='bbox 880 4340 1085 4415; x_wconf 79' lang='lat' dir='ltr'>synodorum,</span> <span class='ocrx_word' id='word_1_230' title='bbox 1103 4347 1171 4398; x_wconf 89' lang='lat' dir='ltr'>tum</span> <span class='ocrx_word' id='word_1_231' title='bbox 1193 4340 1309 4416; x_wconf 88' lang='lat' dir='ltr'>capitu-</span> 
     </span>
     <span class='ocr_line' id='line_1_50' title="bbox 557 4430 1308 4510; baseline -0.003 -16"><span class='ocrx_word' id='word_1_232' title='bbox 557 4431 673 4506; x_wconf 76' lang='lat' dir='ltr'>lorum</span> <span class='ocrx_word' id='word_1_233' title='bbox 698 4432 731 4492; x_wconf 94' lang='lat' dir='ltr'>in</span> <span class='ocrx_word' id='word_1_234' title='bbox 752 4431 866 4509; x_wconf 92' lang='lat' dir='ltr'>quibus</span> <span class='ocrx_word' id='word_1_235' title='bbox 887 4430 1041 4508; x_wconf 87' lang='lat' dir='ltr'>praedicta</span> <span class='ocrx_word' id='word_1_236' title='bbox 1063 4431 1131 4491; x_wconf 90' lang='lat' dir='ltr'>iura</span> <span class='ocrx_word' id='word_1_237' title='bbox 1157 4431 1308 4510; x_wconf 92' lang='lat' dir='ltr'>Metropo-</span> 
     </span>
     <span class='ocr_line' id='line_1_51' title="bbox 557 4523 1310 4601; baseline 0.003 -15"><span class='ocrx_word' id='word_1_238' title='bbox 557 4525 647 4586; x_wconf 92' lang='lat' dir='ltr'>litani</span> <span class='ocrx_word' id='word_1_239' title='bbox 674 4527 902 4599; x_wconf 87' lang='lat' dir='ltr'>admittuntur;</span> <span class='ocrx_word' id='word_1_240' title='bbox 931 4523 1154 4586; x_wconf 90' lang='lat' dir='ltr'>resolutionem</span> <span class='ocrx_word' id='word_1_241' title='bbox 1186 4539 1310 4601; x_wconf 90' lang='lat' dir='ltr'>quoque</span> 
     </span>
     <span class='ocr_line' id='line_1_52' title="bbox 557 4616 1310 4694; baseline -0.005 -12"><span class='ocrx_word' id='word_1_242' title='bbox 557 4617 816 4694; x_wconf 84' lang='lat' dir='ltr'>Congregationis</span> <span class='ocrx_word' id='word_1_243' title='bbox 832 4616 961 4679; x_wconf 79' lang='lat' dir='ltr'>concilii</span> <span class='ocrx_word' id='word_1_244' title='bbox 979 4617 1147 4692; x_wconf 82' lang='lat' dir='ltr'>legerimus</span> <span class='ocrx_word' id='word_1_245' title='bbox 1170 4617 1201 4678; x_wconf 92' lang='lat' dir='ltr'>in</span> <span class='ocrx_word' id='word_1_246' title='bbox 1222 4634 1310 4681; x_wconf 88' lang='lat' dir='ltr'>causa</span> 
     </span>
     <span class='ocr_line' id='line_1_53' title="bbox 558 4710 1305 4790; baseline -0.004 -17"><span class='ocrx_word' id='word_1_247' title='bbox 558 4713 687 4774; x_wconf 84' lang='lat' dir='ltr'>Kiooen.</span> <span class='ocrx_word' id='word_1_248' title='bbox 712 4711 797 4772; x_wconf 83' lang='lat' dir='ltr'>ioris</span> <span class='ocrx_word' id='word_1_249' title='bbox 812 4711 969 4773; x_wconf 82' lang='lat' dir='ltr'>visitandi</span> <span class='ocrx_word' id='word_1_250' title='bbox 992 4710 1145 4790; x_wconf 92' lang='lat' dir='ltr'>proposita</span> <span class='ocrx_word' id='word_1_251' title='bbox 1161 4712 1210 4774; x_wconf 88' lang='lat' dir='ltr'>die</span> <span class='ocrx_word' id='word_1_252' title='bbox 1226 4727 1305 4772; x_wconf 80' lang='lat' dir='ltr'>uuir.</span> 
     </span>
     <span class='ocr_line' id='line_1_54' title="bbox 557 4803 1308 4882; baseline 0.001 -17"><span class='ocrx_word' id='word_1_253' title='bbox 557 4805 681 4882; x_wconf 88' lang='lat' dir='ltr'>augusti</span> <span class='ocrx_word' id='word_1_254' title='bbox 696 4811 726 4866; x_wconf 92' lang='lat' dir='ltr'>et</span> <span class='ocrx_word' id='word_1_255' title='bbox 742 4805 876 4868; x_wconf 89' lang='lat' dir='ltr'>resoluta</span> <span class='ocrx_word' id='word_1_256' title='bbox 898 4803 947 4866; x_wconf 90' lang='lat' dir='ltr'>die</span> <span class='ocrx_word' id='word_1_257' title='bbox 962 4820 1020 4865; x_wconf 86' lang='lat' dir='ltr'>xrr.</span> <span class='ocrx_word' id='word_1_258' title='bbox 1034 4805 1219 4882; x_wconf 86' lang='lat' dir='ltr'>septembris</span> <span class='ocrx_word' id='word_1_259' title='bbox 1233 4807 1308 4866; x_wconf 91' lang='lat' dir='ltr'>anni</span> 
     </span>
     <span class='ocr_line' id='line_1_55' title="bbox 558 4897 1308 4972; baseline 0.001 -12"><span class='ocrx_word' id='word_1_260' title='bbox 558 4912 774 4972; x_wconf 64' lang='lat' dir='ltr'>succurris,</span> <span class='ocrx_word' id='word_1_261' title='bbox 790 4913 914 4959; x_wconf 91' lang='lat' dir='ltr'>necnon</span> <span class='ocrx_word' id='word_1_262' title='bbox 938 4897 1123 4960; x_wconf 90' lang='lat' dir='ltr'>documenta</span> <span class='ocrx_word' id='word_1_263' title='bbox 1146 4899 1179 4960; x_wconf 93' lang='lat' dir='ltr'>in</span> <span class='ocrx_word' id='word_1_264' title='bbox 1200 4900 1308 4960; x_wconf 91' lang='lat' dir='ltr'>eadem</span> 
     </span>
     <span class='ocr_line' id='line_1_56' title="bbox 557 4990 1309 5069; baseline -0.003 -16"><span class='ocrx_word' id='word_1_265' title='bbox 557 5007 647 5053; x_wconf 91' lang='lat' dir='ltr'>cansa</span> <span class='ocrx_word' id='word_1_266' title='bbox 668 4990 817 5064; x_wconf 79' lang='lat' dir='ltr'>exhibita,</span> <span class='ocrx_word' id='word_1_267' title='bbox 840 4991 1013 5053; x_wconf 88' lang='lat' dir='ltr'>secundum</span> <span class='ocrx_word' id='word_1_268' title='bbox 1035 5007 1114 5068; x_wconf 88' lang='lat' dir='ltr'>quae</span> <span class='ocrx_word' id='word_1_269' title='bbox 1129 4992 1309 5069; x_wconf 82' lang='lat' dir='ltr'>comproba·</span> 
     </span>
     <span class='ocr_line' id='line_1_57' title="bbox 557 5082 1307 5161; baseline -0.001 -16"><span class='ocrx_word' id='word_1_270' title='bbox 557 5093 626 5146; x_wconf 87' lang='lat' dir='ltr'>tum</span> <span class='ocrx_word' id='word_1_271' title='bbox 658 5091 699 5145; x_wconf 87' lang='lat' dir='ltr'>et</span> <span class='ocrx_word' id='word_1_272' title='bbox 718 5085 888 5146; x_wconf 89' lang='lat' dir='ltr'>admissum</span> <span class='ocrx_word' id='word_1_273' title='bbox 915 5082 976 5146; x_wconf 90' lang='lat' dir='ltr'>luit</span> <span class='ocrx_word' id='word_1_274' title='bbox 1007 5087 1054 5146; x_wconf 92' lang='lat' dir='ltr'>ius</span> <span class='ocrx_word' id='word_1_275' title='bbox 1080 5083 1307 5161; x_wconf 91' lang='lat' dir='ltr'>Metropolitani</span> 
     </span>
     <span class='ocr_line' id='line_1_58' title="bbox 557 5175 1310 5256; baseline -0.003 -18"><span class='ocrx_word' id='word_1_276' title='bbox 557 5176 696 5251; x_wconf 81' lang='lat' dir='ltr'>Russiae,</span> <span class='ocrx_word' id='word_1_277' title='bbox 713 5177 766 5254; x_wconf 88' lang='lat' dir='ltr'>qui</span> <span class='ocrx_word' id='word_1_278' title='bbox 782 5193 838 5256; x_wconf 90' lang='lat' dir='ltr'>per</span> <span class='ocrx_word' id='word_1_279' title='bbox 852 5192 924 5237; x_wconf 91' lang='lat' dir='ltr'>suos</span> <span class='ocrx_word' id='word_1_280' title='bbox 946 5175 1101 5252; x_wconf 87' lang='lat' dir='ltr'>delegatos</span> <span class='ocrx_word' id='word_1_281' title='bbox 1113 5176 1231 5238; x_wconf 87' lang='lat' dir='ltr'>visitari</span> <span class='ocrx_word' id='word_1_282' title='bbox 1243 5177 1310 5243; x_wconf 81' lang='lat' dir='ltr'>ius-</span> 
     </span>
     <span class='ocr_line' id='line_1_59' title="bbox 556 5269 1308 5347; baseline 0.001 -17"><span class='ocrx_word' id='word_1_283' title='bbox 556 5277 649 5344; x_wconf 88' lang='lat' dir='ltr'>serat,</span> <span class='ocrx_word' id='word_1_284' title='bbox 666 5285 745 5347; x_wconf 91' lang='lat' dir='ltr'>quae</span> <span class='ocrx_word' id='word_1_285' title='bbox 766 5270 859 5332; x_wconf 89' lang='lat' dir='ltr'>etiam</span> <span class='ocrx_word' id='word_1_286' title='bbox 881 5269 1142 5330; x_wconf 87' lang='lat' dir='ltr'>condemnaverat</span> <span class='ocrx_word' id='word_1_287' title='bbox 1157 5269 1308 5332; x_wconf 85' lang='lat' dir='ltr'>libbatem</span> 
     </span>
     <span class='ocr_line' id='line_1_60' title="bbox 559 5361 1309 5440; baseline 0.001 -18"><span class='ocrx_word' id='word_1_288' title='bbox 559 5361 720 5424; x_wconf 86' lang='lat' dir='ltr'>cuiusdam</span> <span class='ocrx_word' id='word_1_289' title='bbox 743 5362 922 5423; x_wconf 90' lang='lat' dir='ltr'>monasterii</span> <span class='ocrx_word' id='word_1_290' title='bbox 939 5369 1026 5423; x_wconf 84' lang='lat' dir='ltr'>extra</span> <span class='ocrx_word' id='word_1_291' title='bbox 1048 5363 1205 5440; x_wconf 90' lang='lat' dir='ltr'>propriam</span> <span class='ocrx_word' id='word_1_292' title='bbox 1226 5361 1309 5423; x_wconf 89' lang='lat' dir='ltr'>dioe-</span> 
     </span>
     <span class='ocr_line' id='line_1_61' title="bbox 557 5455 1307 5535; baseline -0.003 -17"><span class='ocrx_word' id='word_1_293' title='bbox 557 5457 653 5518; x_wconf 89' lang='lat' dir='ltr'>cesim</span> <span class='ocrx_word' id='word_1_294' title='bbox 674 5456 847 5531; x_wconf 91' lang='lat' dir='ltr'>constituti,</span> <span class='ocrx_word' id='word_1_295' title='bbox 865 5462 971 5535; x_wconf 91' lang='lat' dir='ltr'>utpote</span> <span class='ocrx_word' id='word_1_296' title='bbox 994 5455 1076 5533; x_wconf 88' lang='lat' dir='ltr'>qnod</span> <span class='ocrx_word' id='word_1_297' title='bbox 1097 5455 1148 5516; x_wconf 91' lang='lat' dir='ltr'>vel</span> <span class='ocrx_word' id='word_1_298' title='bbox 1169 5456 1202 5516; x_wconf 95' lang='lat' dir='ltr'>in</span> <span class='ocrx_word' id='word_1_299' title='bbox 1224 5457 1307 5518; x_wconf 89' lang='lat' dir='ltr'>dioe-</span> 
     </span>
     <span class='ocr_line' id='line_1_62' title="bbox 556 5547 1307 5624; baseline 0 -14"><span class='ocrx_word' id='word_1_300' title='bbox 556 5550 617 5610; x_wconf 92' lang='lat' dir='ltr'>cesi</span> <span class='ocrx_word' id='word_1_301' title='bbox 640 5548 818 5624; x_wconf 87' lang='lat' dir='ltr'>Luoeorin.,</span> <span class='ocrx_word' id='word_1_302' title='bbox 842 5547 892 5610; x_wconf 88' lang='lat' dir='ltr'>vei</span> <span class='ocrx_word' id='word_1_303' title='bbox 914 5550 946 5611; x_wconf 94' lang='lat' dir='ltr'>in</span> <span class='ocrx_word' id='word_1_304' title='bbox 964 5549 1196 5611; x_wconf 88' lang='lat' dir='ltr'>Vindimiriensi</span> <span class='ocrx_word' id='word_1_305' title='bbox 1210 5549 1307 5612; x_wconf 90' lang='lat' dir='ltr'>situm</span> 
     </span>
     <span class='ocr_line' id='line_1_63' title="bbox 557 5641 1305 5718; baseline -0.003 -14"><span class='ocrx_word' id='word_1_306' title='bbox 557 5648 637 5704; x_wconf 85' lang='lat' dir='ltr'>eret:</span> <span class='ocrx_word' id='word_1_307' title='bbox 656 5642 768 5705; x_wconf 89' lang='lat' dir='ltr'>idcirco</span> <span class='ocrx_word' id='word_1_308' title='bbox 781 5659 837 5704; x_wconf 87' lang='lat' dir='ltr'>nos</span> <span class='ocrx_word' id='word_1_309' title='bbox 850 5643 882 5703; x_wconf 92' lang='lat' dir='ltr'>in</span> <span class='ocrx_word' id='word_1_310' title='bbox 898 5657 931 5705; x_wconf 93' lang='lat' dir='ltr'>re</span> <span class='ocrx_word' id='word_1_311' title='bbox 945 5652 1005 5705; x_wconf 90' lang='lat' dir='ltr'>tam</span> <span class='ocrx_word' id='word_1_312' title='bbox 1018 5641 1120 5718; x_wconf 91' lang='lat' dir='ltr'>gravis</span> <span class='ocrx_word' id='word_1_313' title='bbox 1140 5643 1305 5717; x_wconf 91' lang='lat' dir='ltr'>momenti,</span> 
     </span>
     <span class='ocr_line' id='line_1_64' title="bbox 557 5736 1305 5814; baseline -0.001 -19"><span class='ocrx_word' id='word_1_314' title='bbox 557 5751 698 5813; x_wconf 90' lang='lat' dir='ltr'>quaeque</span> <span class='ocrx_word' id='word_1_315' title='bbox 724 5738 760 5798; x_wconf 91' lang='lat' dir='ltr'>ad</span> <span class='ocrx_word' id='word_1_316' title='bbox 792 5736 1067 5814; x_wconf 87' lang='lat' dir='ltr'>Metropolitanum</span> <span class='ocrx_word' id='word_1_317' title='bbox 1098 5736 1211 5798; x_wconf 88' lang='lat' dir='ltr'>attinet</span> <span class='ocrx_word' id='word_1_318' title='bbox 1242 5749 1305 5796; x_wconf 94' lang='lat' dir='ltr'>non</span> 
     </span>
     <span class='ocr_line' id='line_1_65' title="bbox 556 5828 1304 5907; baseline 0.003 -19"><span class='ocrx_word' id='word_1_319' title='bbox 556 5829 662 5890; x_wconf 91' lang='lat' dir='ltr'>minus</span> <span class='ocrx_word' id='word_1_320' title='bbox 673 5828 834 5904; x_wconf 77' lang='lat' dir='ltr'>dignitate,</span> <span class='ocrx_word' id='word_1_321' title='bbox 848 5844 942 5907; x_wconf 89' lang='lat' dir='ltr'>quam</span> <span class='ocrx_word' id='word_1_322' title='bbox 954 5829 1125 5891; x_wconf 90' lang='lat' dir='ltr'>virtutibus</span> <span class='ocrx_word' id='word_1_323' title='bbox 1137 5830 1304 5905; x_wconf 77' lang='lat' dir='ltr'>insignem,</span> 
     </span>
     <span class='ocr_line' id='line_1_66' title="bbox 556 5922 1305 5985; baseline 0.003 -3"><span class='ocrx_word' id='word_1_324' title='bbox 556 5931 645 5983; x_wconf 88' lang='lat' dir='ltr'>caute</span> <span class='ocrx_word' id='word_1_325' title='bbox 666 5927 697 5982; x_wconf 91' lang='lat' dir='ltr'>et</span> <span class='ocrx_word' id='word_1_326' title='bbox 719 5922 755 5982; x_wconf 92' lang='lat' dir='ltr'>ad</span> <span class='ocrx_word' id='word_1_327' title='bbox 776 5923 981 5984; x_wconf 87' lang='lat' dir='ltr'>rectissimam</span> <span class='ocrx_word' id='word_1_328' title='bbox 1002 5923 1140 5985; x_wconf 91' lang='lat' dir='ltr'>iustitiae</span> <span class='ocrx_word' id='word_1_329' title='bbox 1161 5937 1305 5984; x_wconf 89' lang='lat' dir='ltr'>normam</span> 
     </span>
    </p>
   </div>
   <div class='ocr_carea' id='block_1_6' title="bbox 1081 597 1583 643">
    <p class='ocr_par' dir='ltr' id='par_1_7' title="bbox 1081 597 1583 643">
     <span class='ocr_line' id='line_1_67' title="bbox 1081 597 1583 643; baseline -0.006 0"><span class='ocrx_word' id='word_1_330' title='bbox 1081 600 1144 643; x_wconf 78' lang='lat' dir='ltr'>lb&#39;ll.</span> <span class='ocrx_word' id='word_1_331' title='bbox 1171 598 1262 642; x_wconf 82' lang='lat' dir='ltr'><strong>PONT·</strong></span> <span class='ocrx_word' id='word_1_332' title='bbox 1288 597 1328 640; x_wconf 81' lang='lat' dir='ltr'>DE</span> <span class='ocrx_word' id='word_1_333' title='bbox 1351 598 1379 642; x_wconf 81' lang='lat' dir='ltr'>P·</span> <span class='ocrx_word' id='word_1_334' title='bbox 1404 597 1432 642; x_wconf 75' lang='lat' dir='ltr'>F.</span> <span class='ocrx_word' id='word_1_335' title='bbox 1458 597 1542 642; x_wconf 77' lang='lat' dir='ltr'>Prius</span> <span class='ocrx_word' id='word_1_336' title='bbox 1565 599 1583 640; x_wconf 95' lang='grc' dir='ltr'>Ι.</span> 
     </span>
    </p>
   </div>
   <div class='ocr_carea' id='block_1_7' title="bbox 2144 553 2368 638">
    <p class='ocr_par' dir='ltr' id='par_1_8' title="bbox 2144 553 2368 638">
     <span class='ocr_line' id='line_1_68' title="bbox 2144 553 2368 638; baseline 0.022 -6"><span class='ocrx_word' id='word_1_337' title='bbox 2144 581 2201 636; x_wconf 74' lang='grc' dir='ltr'>ιιι.</span> <span class='ocrx_word' id='word_1_338' title='bbox 2216 584 2249 635; x_wconf 90' lang='lat' dir='ltr'>o.</span> <span class='ocrx_word' id='word_1_339' title='bbox 2271 585 2335 638; x_wconf 75' lang='lat'>1744</span> <span class='ocrx_word' id='word_1_340' title='bbox 2367 553 2368 568; x_wconf 48' lang='lat'><em>³</em></span> 
     </span>
    </p>
   </div>
   <div class='ocr_carea' id='block_1_8' title="bbox 1361 715 2368 3582">
    <p class='ocr_par' dir='ltr' id='par_1_9' title="bbox 1362 715 2115 1631">
     <span class='ocr_line' id='line_1_69' title="bbox 1365 715 2115 797; baseline 0.008 -22"><span class='ocrx_word' id='word_1_341' title='bbox 1365 715 1531 793; x_wconf 90' lang='lat' dir='ltr'>procedere</span> <span class='ocrx_word' id='word_1_342' title='bbox 1546 716 1700 794; x_wconf 88' lang='lat' dir='ltr'>volentes,</span> <span class='ocrx_word' id='word_1_343' title='bbox 1715 733 1781 780; x_wconf 92' lang='lat' dir='ltr'>non</span> <span class='ocrx_word' id='word_1_344' title='bbox 1797 719 1896 782; x_wconf 88' lang='lat' dir='ltr'>adhue</span> <span class='ocrx_word' id='word_1_345' title='bbox 1910 719 2040 797; x_wconf 86' lang='lat' dir='ltr'>proinde</span> <span class='ocrx_word' id='word_1_346' title='bbox 2055 723 2115 781; x_wconf 91' lang='lat' dir='ltr'>bu-</span> 
     </span>
     <span class='ocr_line' id='line_1_70' title="bbox 1366 809 2114 888; baseline 0.011 -20"><span class='ocrx_word' id='word_1_347' title='bbox 1366 809 1498 872; x_wconf 91' lang='lat' dir='ltr'>iusmodi</span> <span class='ocrx_word' id='word_1_348' title='bbox 1527 810 1754 888; x_wconf 89' lang='lat' dir='ltr'>quaestionem,</span> <span class='ocrx_word' id='word_1_349' title='bbox 1778 817 1885 874; x_wconf 92' lang='lat' dir='ltr'>utrum</span> <span class='ocrx_word' id='word_1_350' title='bbox 1916 812 2032 874; x_wconf 86' lang='lat' dir='ltr'>scilieet</span> <span class='ocrx_word' id='word_1_351' title='bbox 2055 813 2114 876; x_wconf 81' lang='lat' dir='ltr'>rb</span> 
     </span>
     <span class='ocr_line' id='line_1_71' title="bbox 1366 901 2115 982; baseline 0.008 -20"><span class='ocrx_word' id='word_1_352' title='bbox 1366 901 1449 963; x_wconf 90' lang='lat' dir='ltr'>bates</span> <span class='ocrx_word' id='word_1_353' title='bbox 1465 902 1596 965; x_wconf 88' lang='lat' dir='ltr'>debeant</span> <span class='ocrx_word' id='word_1_354' title='bbox 1611 905 1662 966; x_wconf 90' lang='lat' dir='ltr'>vel</span> <span class='ocrx_word' id='word_1_355' title='bbox 1678 905 1915 982; x_wconf 86' lang='lat' dir='ltr'>Metropolitano</span> <span class='ocrx_word' id='word_1_356' title='bbox 1930 905 1980 966; x_wconf 88' lang='lat' dir='ltr'>vei</span> <span class='ocrx_word' id='word_1_357' title='bbox 1994 906 2115 968; x_wconf 72' lang='lat' dir='ltr'>Proto-</span> 
     </span>
     <span class='ocr_line' id='line_1_72' title="bbox 1364 995 2114 1076; baseline 0.007 -21"><span class='ocrx_word' id='word_1_358' title='bbox 1364 995 1632 1058; x_wconf 86' lang='lat' dir='ltr'>llrcbimandritae</span> <span class='ocrx_word' id='word_1_359' title='bbox 1645 997 1824 1061; x_wconf 88' lang='lat' dir='ltr'>immediate</span> <span class='ocrx_word' id='word_1_360' title='bbox 1837 999 1975 1073; x_wconf 89' lang='lat' dir='ltr'>subesse,</span> <span class='ocrx_word' id='word_1_361' title='bbox 1992 1015 2049 1076; x_wconf 90' lang='lat' dir='ltr'>per</span> <span class='ocrx_word' id='word_1_362' title='bbox 2062 999 2114 1060; x_wconf 83' lang='lat' dir='ltr'>de</span> 
     </span>
     <span class='ocr_line' id='line_1_73' title="bbox 1364 1089 2114 1172; baseline 0.008 -22"><span class='ocrx_word' id='word_1_363' title='bbox 1364 1089 1516 1151; x_wconf 85' lang='lat' dir='ltr'>finitivam</span> <span class='ocrx_word' id='word_1_364' title='bbox 1538 1090 1763 1152; x_wconf 83' lang='lat' dir='ltr'>resolutionem</span> <span class='ocrx_word' id='word_1_365' title='bbox 1785 1091 1926 1154; x_wconf 87' lang='lat' dir='ltr'>decidere</span> <span class='ocrx_word' id='word_1_366' title='bbox 1941 1109 2029 1172; x_wconf 90' lang='lat' dir='ltr'>posse</span> <span class='ocrx_word' id='word_1_367' title='bbox 2042 1110 2114 1156; x_wconf 88' lang='lat' dir='ltr'>ceu·</span> 
     </span>
     <span class='ocr_line' id='line_1_74' title="bbox 1362 1181 2114 1260; baseline 0.008 -18"><span class='ocrx_word' id='word_1_368' title='bbox 1362 1199 1485 1256; x_wconf 86' lang='lat' dir='ltr'>semus;</span> <span class='ocrx_word' id='word_1_369' title='bbox 1509 1181 1589 1260; x_wconf 92' lang='lat' dir='ltr'>quod</span> <span class='ocrx_word' id='word_1_370' title='bbox 1618 1191 1723 1244; x_wconf 89' lang='lat' dir='ltr'>tamen</span> <span class='ocrx_word' id='word_1_371' title='bbox 1745 1200 1761 1243; x_wconf 84' lang='lat' dir='ltr'>a</span> <span class='ocrx_word' id='word_1_372' title='bbox 1783 1185 1883 1258; x_wconf 80' lang='lat' dir='ltr'>nobie,</span> <span class='ocrx_word' id='word_1_373' title='bbox 1908 1185 1994 1249; x_wconf 88' lang='lat' dir='ltr'>nulla</span> <span class='ocrx_word' id='word_1_374' title='bbox 2015 1185 2114 1248; x_wconf 92' lang='lat' dir='ltr'>inter-</span> 
     </span>
     <span class='ocr_line' id='line_1_75' title="bbox 1364 1274 2114 1357; baseline 0.009 -23"><span class='ocrx_word' id='word_1_375' title='bbox 1364 1274 1439 1336; x_wconf 88' lang='lat' dir='ltr'>iecta</span> <span class='ocrx_word' id='word_1_376' title='bbox 1461 1289 1560 1350; x_wconf 88' lang='lat' dir='ltr'>mora,</span> <span class='ocrx_word' id='word_1_377' title='bbox 1585 1275 1791 1352; x_wconf 88' lang='lat' dir='ltr'>praestabitur</span> <span class='ocrx_word' id='word_1_378' title='bbox 1809 1277 1914 1337; x_wconf 90' lang='lat' dir='ltr'>statim</span> <span class='ocrx_word' id='word_1_379' title='bbox 1936 1294 1969 1338; x_wconf 89' lang='lat' dir='ltr'>ac</span> <span class='ocrx_word' id='word_1_380' title='bbox 1991 1277 2041 1338; x_wconf 89' lang='lat' dir='ltr'>vel</span> <span class='ocrx_word' id='word_1_381' title='bbox 2056 1279 2114 1357; x_wconf 88' lang='lat' dir='ltr'>ipsi</span> 
     </span>
     <span class='ocr_line' id='line_1_76' title="bbox 1362 1367 2113 1432; baseline 0.008 -6"><span class='ocrx_word' id='word_1_382' title='bbox 1362 1367 1581 1429; x_wconf 83' lang='lat' dir='ltr'>invenerimus</span> <span class='ocrx_word' id='word_1_383' title='bbox 1602 1367 1654 1428; x_wconf 90' lang='lat' dir='ltr'>vel</span> <span class='ocrx_word' id='word_1_384' title='bbox 1675 1368 1762 1429; x_wconf 91' lang='lat' dir='ltr'>nobis</span> <span class='ocrx_word' id='word_1_385' title='bbox 1778 1368 1905 1430; x_wconf 88' lang='lat' dir='ltr'>aliunde</span> <span class='ocrx_word' id='word_1_386' title='bbox 1926 1370 2065 1432; x_wconf 88' lang='lat' dir='ltr'>iirmiora</span> <span class='ocrx_word' id='word_1_387' title='bbox 2080 1372 2113 1432; x_wconf 93' lang='lat' dir='ltr'>iu</span> 
     </span>
     <span class='ocr_line' id='line_1_77' title="bbox 1364 1459 2114 1540; baseline 0.007 -20"><span class='ocrx_word' id='word_1_388' title='bbox 1364 1459 1515 1521; x_wconf 89' lang='lat' dir='ltr'>utramvis</span> <span class='ocrx_word' id='word_1_389' title='bbox 1527 1468 1646 1538; x_wconf 90' lang='lat' dir='ltr'>partem</span> <span class='ocrx_word' id='word_1_390' title='bbox 1658 1461 1820 1524; x_wconf 90' lang='lat' dir='ltr'>decidendi</span> <span class='ocrx_word' id='word_1_391' title='bbox 1831 1459 2032 1524; x_wconf 78' lang='lat' dir='ltr'>fundamenta</span> <span class='ocrx_word' id='word_1_392' title='bbox 2043 1480 2114 1540; x_wconf 94' lang='lat' dir='ltr'>sup·</span> 
     </span>
     <span class='ocr_line' id='line_1_78' title="bbox 1363 1553 1650 1631; baseline -0.01 -17"><span class='ocrx_word' id='word_1_393' title='bbox 1363 1554 1496 1631; x_wconf 80' lang='lat' dir='ltr'>peditatu</span> <span class='ocrx_word' id='word_1_394' title='bbox 1519 1553 1650 1616; x_wconf 92' lang='lat' dir='ltr'>luerint.</span> 
     </span>
    </p>

    <p class='ocr_par' dir='ltr' id='par_1_10' title="bbox 1361 1646 2368 3396">
     <span class='ocr_line' id='line_1_79' title="bbox 1402 1646 2368 1726; baseline 0.002 -18"><span class='ocrx_word' id='word_1_395' title='bbox 1402 1646 1491 1721; x_wconf 70' lang='lat' dir='ltr'>§il</span> <span class='ocrx_word' id='word_1_396' title='bbox 1515 1648 1648 1710; x_wconf 91' lang='lat' dir='ltr'>interim</span> <span class='ocrx_word' id='word_1_397' title='bbox 1669 1664 1745 1710; x_wconf 89' lang='lat' dir='ltr'>vero</span> <span class='ocrx_word' id='word_1_398' title='bbox 1776 1647 1992 1722; x_wconf 89' lang='lat' dir='ltr'>decernimus,</span> <span class='ocrx_word' id='word_1_399' title='bbox 2023 1649 2112 1711; x_wconf 92' lang='lat' dir='ltr'>utin</span> <span class='ocrx_word' id='word_1_400' title='bbox 2146 1661 2368 1726; x_wconf 57' lang='lat' dir='ltr'>rrrmarnrerru‘</span> 
     </span>
     <span class='ocr_line' id='line_1_80' title="bbox 1364 1719 2368 1830; baseline 0.004 -29"><span class='ocrx_word' id='word_1_401' title='bbox 1364 1740 1557 1802; x_wconf 86' lang='lat' dir='ltr'>monasteriis</span> <span class='ocrx_word' id='word_1_402' title='bbox 1589 1741 1789 1804; x_wconf 87' lang='lat' dir='ltr'>abbatialibus</span> <span class='ocrx_word' id='word_1_403' title='bbox 1817 1742 2116 1806; x_wconf 82' lang='lat' dir='ltr'>Proto-Archiman·</span> <span class='ocrx_word' id='word_1_404' title='bbox 2132 1719 2368 1830; x_wconf 55' lang='lat' dir='ltr'>ffiifrssiti⁶r¹rffi¹313</span> 
     </span>
     <span class='ocr_line' id='line_1_81' title="bbox 1362 1821 2368 1922; baseline 0.003 -29"><span class='ocrx_word' id='word_1_405' title='bbox 1362 1831 1443 1894; x_wconf 89' lang='lat' dir='ltr'>drita</span> <span class='ocrx_word' id='word_1_406' title='bbox 1457 1849 1553 1895; x_wconf 90' lang='lat' dir='ltr'>omne</span> <span class='ocrx_word' id='word_1_407' title='bbox 1572 1833 1619 1895; x_wconf 91' lang='lat' dir='ltr'>ins</span> <span class='ocrx_word' id='word_1_408' title='bbox 1641 1834 1750 1895; x_wconf 91' lang='lat' dir='ltr'>babeat</span> <span class='ocrx_word' id='word_1_409' title='bbox 1771 1835 1804 1896; x_wconf 89' lang='lat' dir='ltr'>in</span> <span class='ocrx_word' id='word_1_410' title='bbox 1826 1835 1904 1897; x_wconf 87' lang='lat' dir='ltr'>bona</span> <span class='ocrx_word' id='word_1_411' title='bbox 1919 1835 2112 1910; x_wconf 85' lang='lat' dir='ltr'>monasterii,</span> <span class='ocrx_word' id='word_1_412' title='bbox 2132 1821 2207 1920; x_wconf 55' lang='grc' dir='ltr'>ξῆξξ·</span> <span class='ocrx_word' id='word_1_413' title='bbox 2220 1833 2348 1922; x_wconf 41' lang='grc' dir='ltr'>’ξιᾞξᾱ</span> <span class='ocrx_word' id='word_1_414' title='bbox 2367 1881 2368 1884; x_wconf 63' lang='lat'>,</span> 
     </span>
     <span class='ocr_line' id='line_1_82' title="bbox 1362 1926 2368 2006; baseline 0.008 -22"><span class='ocrx_word' id='word_1_415' title='bbox 1362 1933 1455 2004; x_wconf 90' lang='lat' dir='ltr'>atque</span> <span class='ocrx_word' id='word_1_416' title='bbox 1477 1926 1509 1988; x_wconf 91' lang='lat' dir='ltr'>in</span> <span class='ocrx_word' id='word_1_417' title='bbox 1533 1941 1677 2004; x_wconf 87' lang='lat' dir='ltr'>personas</span> <span class='ocrx_word' id='word_1_418' title='bbox 1700 1931 1937 2004; x_wconf 69' lang='lat' dir='ltr'>monachorum</span> <span class='ocrx_word' id='word_1_419' title='bbox 1961 1927 2114 2006; x_wconf 89' lang='lat' dir='ltr'>Metropo·</span> <span class='ocrx_word' id='word_1_420' title='bbox 2132 1929 2314 1982; x_wconf 64' lang='lat' dir='ltr'>monasterius</span> <span class='ocrx_word' id='word_1_421' title='bbox 2367 1987 2368 1992; x_wconf 75' lang='grc'>,</span> 
     </span>
     <span class='ocr_line' id='line_1_83' title="bbox 1364 2017 2368 2084; baseline 0.007 -6"><span class='ocrx_word' id='word_1_422' title='bbox 1364 2019 1478 2081; x_wconf 92' lang='lat' dir='ltr'>litanus</span> <span class='ocrx_word' id='word_1_423' title='bbox 1499 2026 1604 2081; x_wconf 89' lang='lat' dir='ltr'>autem</span> <span class='ocrx_word' id='word_1_424' title='bbox 1622 2020 1764 2081; x_wconf 91' lang='lat' dir='ltr'>interiori</span> <span class='ocrx_word' id='word_1_425' title='bbox 1786 2023 2050 2083; x_wconf 89' lang='lat' dir='ltr'>monasteriorum</span> <span class='ocrx_word' id='word_1_426' title='bbox 2065 2038 2113 2084; x_wconf 88' lang='lat' dir='ltr'>re·</span> <span class='ocrx_word' id='word_1_427' title='bbox 2367 2017 2368 2020; x_wconf 66' lang='grc'>’</span> 
     </span>
     <span class='ocr_line' id='line_1_84' title="bbox 1363 2112 2113 2192; baseline 0.008 -20"><span class='ocrx_word' id='word_1_428' title='bbox 1363 2112 1475 2189; x_wconf 90' lang='lat' dir='ltr'>gimini</span> <span class='ocrx_word' id='word_1_429' title='bbox 1491 2112 1672 2174; x_wconf 88' lang='lat' dir='ltr'>nullatenus</span> <span class='ocrx_word' id='word_1_430' title='bbox 1686 2128 1719 2175; x_wconf 92' lang='lat' dir='ltr'>se</span> <span class='ocrx_word' id='word_1_431' title='bbox 1734 2113 1875 2190; x_wconf 90' lang='lat' dir='ltr'>ingerat;</span> <span class='ocrx_word' id='word_1_432' title='bbox 1897 2115 2047 2192; x_wconf 90' lang='lat' dir='ltr'>quoniam</span> <span class='ocrx_word' id='word_1_433' title='bbox 2061 2117 2113 2179; x_wconf 89' lang='lat' dir='ltr'>ad-</span> 
     </span>
     <span class='ocr_line' id='line_1_85' title="bbox 1363 2205 2114 2286; baseline 0.004 -19"><span class='ocrx_word' id='word_1_434' title='bbox 1363 2206 1526 2278; x_wconf 89' lang='lat' dir='ltr'>vertimus,</span> <span class='ocrx_word' id='word_1_435' title='bbox 1540 2205 1814 2284; x_wconf 83' lang='lat' dir='ltr'>Metropolitanum</span> <span class='ocrx_word' id='word_1_436' title='bbox 1837 2207 1940 2286; x_wconf 88' lang='lat' dir='ltr'>ipsum</span> <span class='ocrx_word' id='word_1_437' title='bbox 1964 2223 2062 2286; x_wconf 89' lang='lat' dir='ltr'>usque</span> <span class='ocrx_word' id='word_1_438' title='bbox 2076 2209 2114 2272; x_wconf 91' lang='lat' dir='ltr'>de</span> 
     </span>
     <span class='ocr_line' id='line_1_86' title="bbox 1362 2299 2113 2377; baseline 0.005 -19"><span class='ocrx_word' id='word_1_439' title='bbox 1362 2314 1445 2360; x_wconf 93' lang='lat' dir='ltr'>anno</span> <span class='ocrx_word' id='word_1_440' title='bbox 1467 2313 1664 2361; x_wconf 83' lang='lat' dir='ltr'>uncnxxrvr.</span> <span class='ocrx_word' id='word_1_441' title='bbox 1690 2299 1823 2360; x_wconf 90' lang='lat' dir='ltr'>interius</span> <span class='ocrx_word' id='word_1_442' title='bbox 1845 2314 1939 2362; x_wconf 90' lang='lat' dir='ltr'>omne</span> <span class='ocrx_word' id='word_1_443' title='bbox 1953 2300 2113 2377; x_wconf 86' lang='lat' dir='ltr'>religionis</span> 
     </span>
     <span class='ocr_line' id='line_1_87' title="bbox 1363 2390 2113 2471; baseline 0.003 -19"><span class='ocrx_word' id='word_1_444' title='bbox 1363 2390 1553 2466; x_wconf 87' lang='lat' dir='ltr'>gubernium</span> <span class='ocrx_word' id='word_1_445' title='bbox 1567 2390 1671 2471; x_wconf 84' lang='lat' dir='ltr'>eidem</span> <span class='ocrx_word' id='word_1_446' title='bbox 1687 2391 1831 2467; x_wconf 88' lang='lat' dir='ltr'>religioni</span> <span class='ocrx_word' id='word_1_447' title='bbox 1847 2401 1878 2454; x_wconf 91' lang='lat' dir='ltr'>et</span> <span class='ocrx_word' id='word_1_448' title='bbox 1892 2392 2113 2454; x_wconf 83' lang='lat' dir='ltr'>Proto-drobi·</span> 
     </span>
     <span class='ocr_line' id='line_1_88' title="bbox 1364 2482 2112 2562; baseline 0.003 -18"><span class='ocrx_word' id='word_1_449' title='bbox 1364 2482 1534 2544; x_wconf 87' lang='lat' dir='ltr'>mandritae</span> <span class='ocrx_word' id='word_1_450' title='bbox 1556 2483 1736 2562; x_wconf 86' lang='lat' dir='ltr'>reliquisse,</span> <span class='ocrx_word' id='word_1_451' title='bbox 1770 2485 1934 2546; x_wconf 84' lang='lat' dir='ltr'>reservatis</span> <span class='ocrx_word' id='word_1_452' title='bbox 1963 2485 2022 2546; x_wconf 92' lang='lat' dir='ltr'>sibi</span> <span class='ocrx_word' id='word_1_453' title='bbox 2044 2485 2112 2547; x_wconf 88' lang='lat' dir='ltr'>aliis</span> 
     </span>
     <span class='ocr_line' id='line_1_89' title="bbox 1362 2576 2113 2654; baseline 0.003 -18"><span class='ocrx_word' id='word_1_454' title='bbox 1362 2577 1465 2650; x_wconf 91' lang='lat' dir='ltr'>rebus,</span> <span class='ocrx_word' id='word_1_455' title='bbox 1478 2592 1553 2654; x_wconf 91' lang='lat' dir='ltr'>quas</span> <span class='ocrx_word' id='word_1_456' title='bbox 1567 2576 1707 2654; x_wconf 90' lang='lat' dir='ltr'>propriae</span> <span class='ocrx_word' id='word_1_457' title='bbox 1722 2576 1895 2638; x_wconf 85' lang='lat' dir='ltr'>ordinariae</span> <span class='ocrx_word' id='word_1_458' title='bbox 1906 2578 2113 2640; x_wconf 89' lang='lat' dir='ltr'>iurisdictioni</span> 
     </span>
     <span class='ocr_line' id='line_1_90' title="bbox 1362 2669 2368 2749; baseline 0.006 -21"><span class='ocrx_word' id='word_1_459' title='bbox 1362 2677 1540 2747; x_wconf 89' lang='lat' dir='ltr'>competere</span> <span class='ocrx_word' id='word_1_460' title='bbox 1554 2670 1693 2730; x_wconf 88' lang='lat' dir='ltr'>asseruit.</span> <span class='ocrx_word' id='word_1_461' title='bbox 1710 2669 1796 2731; x_wconf 90' lang='lat' dir='ltr'>inter</span> <span class='ocrx_word' id='word_1_462' title='bbox 1810 2669 1884 2730; x_wconf 81' lang='lat' dir='ltr'>llaec</span> <span class='ocrx_word' id='word_1_463' title='bbox 1902 2677 2020 2743; x_wconf 90' lang='lat' dir='ltr'>autem,</span> <span class='ocrx_word' id='word_1_464' title='bbox 2036 2671 2113 2732; x_wconf 90' lang='lat' dir='ltr'>dum</span> <span class='ocrx_word' id='word_1_465' title='bbox 2154 2685 2343 2749; x_wconf 57' lang='lat' dir='ltr'>uatqopunanr</span> <span class='ocrx_word' id='word_1_466' title='bbox 2367 2737 2368 2746; x_wconf 54' lang='grc'>,</span> 
     </span>
     <span class='ocr_line' id='line_1_91' title="bbox 1361 2751 2368 2841; baseline 0.003 -19"><span class='ocrx_word' id='word_1_467' title='bbox 1361 2760 1617 2839; x_wconf 82' lang='lat' dir='ltr'>Metropolitanus</span> <span class='ocrx_word' id='word_1_468' title='bbox 1633 2764 1791 2824; x_wconf 89' lang='lat' dir='ltr'>rationum</span> <span class='ocrx_word' id='word_1_469' title='bbox 1803 2770 1973 2837; x_wconf 85' lang='lat' dir='ltr'>momenta,</span> <span class='ocrx_word' id='word_1_470' title='bbox 1986 2763 2114 2841; x_wconf 87' lang='lat' dir='ltr'>quaeab</span> <span class='ocrx_word' id='word_1_471' title='bbox 2131 2751 2346 2840; x_wconf 51' lang='grc' dir='ltr'>ζῖξοεὲῖαῗξξῗ·</span> <span class='ocrx_word' id='word_1_472' title='bbox 2367 2811 2368 2814; x_wconf 63' lang='lat'>,</span> 
     </span>
     <span class='ocr_line' id='line_1_92' title="bbox 1364 2854 2113 2937; baseline 0.007 -25"><span class='ocrx_word' id='word_1_473' title='bbox 1364 2855 1427 2930; x_wconf 91' lang='lat' dir='ltr'>ipso</span> <span class='ocrx_word' id='word_1_474' title='bbox 1449 2862 1534 2928; x_wconf 92' lang='lat' dir='ltr'>sunt,</span> <span class='ocrx_word' id='word_1_475' title='bbox 1551 2862 1644 2930; x_wconf 89' lang='lat' dir='ltr'>atque</span> <span class='ocrx_word' id='word_1_476' title='bbox 1659 2854 1790 2915; x_wconf 75' lang='lat' dir='ltr'>Abbates</span> <span class='ocrx_word' id='word_1_477' title='bbox 1810 2854 1956 2937; x_wconf 89' lang='lat' dir='ltr'>similiter</span> <span class='ocrx_word' id='word_1_478' title='bbox 1970 2871 2016 2931; x_wconf 90' lang='lat' dir='ltr'>ea,</span> <span class='ocrx_word' id='word_1_479' title='bbox 2033 2869 2113 2933; x_wconf 91' lang='lat' dir='ltr'>quae</span> 
     </span>
     <span class='ocr_line' id='line_1_93' title="bbox 1363 2947 2111 3025; baseline 0.003 -19"><span class='ocrx_word' id='word_1_480' title='bbox 1363 2947 1500 3025; x_wconf 90' lang='lat' dir='ltr'>ipsorum</span> <span class='ocrx_word' id='word_1_481' title='bbox 1517 2947 1687 3008; x_wconf 91' lang='lat' dir='ltr'>intentioni</span> <span class='ocrx_word' id='word_1_482' title='bbox 1708 2947 1813 3008; x_wconf 87' lang='lat' dir='ltr'>lavere</span> <span class='ocrx_word' id='word_1_483' title='bbox 1835 2953 1976 3025; x_wconf 91' lang='lat' dir='ltr'>possunt,</span> <span class='ocrx_word' id='word_1_484' title='bbox 1991 2947 2111 3022; x_wconf 87' lang='lat' dir='ltr'>maiori,</span> 
     </span>
     <span class='ocr_line' id='line_1_94' title="bbox 1363 3039 2113 3117; baseline 0 -16"><span class='ocrx_word' id='word_1_485' title='bbox 1363 3055 1422 3117; x_wconf 89' lang='lat' dir='ltr'>qua</span> <span class='ocrx_word' id='word_1_486' title='bbox 1444 3045 1604 3117; x_wconf 90' lang='lat' dir='ltr'>poterunt,</span> <span class='ocrx_word' id='word_1_487' title='bbox 1628 3039 1783 3102; x_wconf 86' lang='lat' dir='ltr'>eeleritate</span> <span class='ocrx_word' id='word_1_488' title='bbox 1800 3040 1888 3101; x_wconf 92' lang='lat' dir='ltr'>nobis</span> <span class='ocrx_word' id='word_1_489' title='bbox 1902 3039 2040 3101; x_wconf 89' lang='lat' dir='ltr'>indicare</span> <span class='ocrx_word' id='word_1_490' title='bbox 2061 3055 2113 3101; x_wconf 91' lang='lat' dir='ltr'>cu·</span> 
     </span>
     <span class='ocr_line' id='line_1_95' title="bbox 1364 3131 2112 3209; baseline 0.003 -17"><span class='ocrx_word' id='word_1_491' title='bbox 1364 3133 1488 3207; x_wconf 87' lang='lat' dir='ltr'>rabunt,</span> <span class='ocrx_word' id='word_1_492' title='bbox 1512 3133 1690 3208; x_wconf 88' lang='lat' dir='ltr'>statuimus,</span> <span class='ocrx_word' id='word_1_493' title='bbox 1703 3139 1739 3194; x_wconf 92' lang='lat' dir='ltr'>ut</span> <span class='ocrx_word' id='word_1_494' title='bbox 1753 3131 2008 3209; x_wconf 89' lang='lat' dir='ltr'>Metropolitanus</span> <span class='ocrx_word' id='word_1_495' title='bbox 2029 3132 2062 3193; x_wconf 92' lang='lat' dir='ltr'>in</span> <span class='ocrx_word' id='word_1_496' title='bbox 2078 3132 2112 3194; x_wconf 95' lang='lat' dir='ltr'>il·</span> 
     </span>
     <span class='ocr_line' id='line_1_96' title="bbox 1365 3224 2112 3304; baseline 0.004 -19"><span class='ocrx_word' id='word_1_497' title='bbox 1365 3224 1423 3286; x_wconf 93' lang='lat' dir='ltr'>lius</span> <span class='ocrx_word' id='word_1_498' title='bbox 1445 3225 1534 3300; x_wconf 91' lang='lat' dir='ltr'>iuris,</span> <span class='ocrx_word' id='word_1_499' title='bbox 1557 3226 1639 3303; x_wconf 91' lang='lat' dir='ltr'>qnod</span> <span class='ocrx_word' id='word_1_500' title='bbox 1662 3225 1695 3285; x_wconf 95' lang='lat' dir='ltr'>in</span> <span class='ocrx_word' id='word_1_501' title='bbox 1717 3225 1872 3287; x_wconf 81' lang='lat' dir='ltr'>Abbatum</span> <span class='ocrx_word' id='word_1_502' title='bbox 1892 3241 2039 3304; x_wconf 89' lang='lat' dir='ltr'>personas</span> <span class='ocrx_word' id='word_1_503' title='bbox 2060 3225 2112 3288; x_wconf 81' lang='lat' dir='ltr'>ob</span> 
     </span>
     <span class='ocr_line' id='line_1_97' title="bbox 1364 3317 1882 3396; baseline -0.004 -16"><span class='ocrx_word' id='word_1_504' title='bbox 1364 3317 1457 3392; x_wconf 92' lang='lat' dir='ltr'>tinet,</span> <span class='ocrx_word' id='word_1_505' title='bbox 1480 3318 1672 3395; x_wconf 85' lang='lat' dir='ltr'>possessione</span> <span class='ocrx_word' id='word_1_506' title='bbox 1694 3323 1882 3396; x_wconf 87' lang='lat' dir='ltr'>perseveret.</span> 
     </span>
    </p>

    <p class='ocr_par' dir='ltr' id='par_1_11' title="bbox 1363 3409 2368 3582">
     <span class='ocr_line' id='line_1_98' title="bbox 1404 3409 2368 3490; baseline 0.007 -19"><span class='ocrx_word' id='word_1_507' title='bbox 1404 3411 1422 3484; x_wconf 67' lang='grc' dir='ltr'><strong>ἓ</strong></span> <span class='ocrx_word' id='word_1_508' title='bbox 1444 3410 1494 3471; x_wconf 77' lang='lat'>22.</span> <span class='ocrx_word' id='word_1_509' title='bbox 1512 3409 1783 3488; x_wconf 78' lang='lat' dir='ltr'>Adreliquanune</span> <span class='ocrx_word' id='word_1_510' title='bbox 1798 3411 2114 3490; x_wconf 65' lang='lat' dir='ltr'>percurrendaquae</span> <span class='ocrx_word' id='word_1_511' title='bbox 2167 3440 2345 3484; x_wconf 69' lang='lat' dir='ltr'>iuramentum</span> <span class='ocrx_word' id='word_1_512' title='bbox 2367 3437 2368 3478; x_wconf 73' lang='lat'>1</span> 
     </span>
     <span class='ocr_line' id='line_1_99' title="bbox 1363 3491 2347 3582; baseline 0.003 -19"><span class='ocrx_word' id='word_1_513' title='bbox 1363 3520 1379 3563; x_wconf 91' lang='lat' dir='ltr'>a</span> <span class='ocrx_word' id='word_1_514' title='bbox 1402 3503 1487 3565; x_wconf 92' lang='lat' dir='ltr'>vobis</span> <span class='ocrx_word' id='word_1_515' title='bbox 1509 3504 1542 3564; x_wconf 94' lang='lat' dir='ltr'>in</span> <span class='ocrx_word' id='word_1_516' title='bbox 1571 3503 1786 3579; x_wconf 88' lang='lat' dir='ltr'>congressibus</span> <span class='ocrx_word' id='word_1_517' title='bbox 1818 3503 1928 3564; x_wconf 89' lang='lat' dir='ltr'>vestris</span> <span class='ocrx_word' id='word_1_518' title='bbox 1954 3504 2111 3582; x_wconf 90' lang='lat' dir='ltr'>disposita,</span> <span class='ocrx_word' id='word_1_519' title='bbox 2132 3491 2347 3538; x_wconf 60' lang='lat'>⁹¹⁰¹⁰·*&#39;⁰¹¹¹·</span> 
     </span>
    </p>
   </div>
   <div class='ocr_carea' id='block_1_9' title="bbox 1364 3545 2346 3674">
    <p class='ocr_par' dir='ltr' id='par_1_12' title="bbox 1364 3545 2368 3674">
     <span class='ocr_line' id='line_1_100' title="bbox 1364 3545 2346 3674; baseline -0.003 -17"><span class='ocrx_word' id='word_1_520' title='bbox 1364 3595 1515 3674; x_wconf 86' lang='lat' dir='ltr'>uobisque</span> <span class='ocrx_word' id='word_1_521' title='bbox 1542 3590 1679 3656; x_wconf 80' lang='lat' dir='ltr'>exhibita</span> <span class='ocrx_word' id='word_1_522' title='bbox 1708 3593 1854 3670; x_wconf 90' lang='lat' dir='ltr'>luerunt,</span> <span class='ocrx_word' id='word_1_523' title='bbox 1883 3595 2027 3658; x_wconf 89' lang='lat' dir='ltr'>animum</span> <span class='ocrx_word' id='word_1_524' title='bbox 2056 3612 2112 3657; x_wconf 94' lang='lat' dir='ltr'>no·</span> <span class='ocrx_word' id='word_1_525' title='bbox 2131 3545 2346 3655; x_wconf 49' lang='lat' dir='ltr'>ffirffltafflge</span> 
     </span>
    </p>
   </div>
   <div class='ocr_carea' id='block_1_10' title="bbox 1363 3651 2368 5917">
    <p class='ocr_par' dir='ltr' id='par_1_13' title="bbox 1363 3651 2368 5140">
     <span class='ocr_line' id='line_1_101' title="bbox 1363 3651 2368 3766; baseline 0.005 -18"><span class='ocrx_word' id='word_1_526' title='bbox 1363 3698 1463 3750; x_wconf 89' lang='lat' dir='ltr'>strum</span> <span class='ocrx_word' id='word_1_527' title='bbox 1480 3688 1683 3749; x_wconf 90' lang='lat' dir='ltr'>intendimus.</span> <span class='ocrx_word' id='word_1_528' title='bbox 1708 3687 1746 3748; x_wconf 83' lang='lat' dir='ltr'>Et</span> <span class='ocrx_word' id='word_1_529' title='bbox 1762 3687 1890 3766; x_wconf 88' lang='lat' dir='ltr'>quidem</span> <span class='ocrx_word' id='word_1_530' title='bbox 1905 3703 1977 3750; x_wconf 89' lang='lat' dir='ltr'>curu</span> <span class='ocrx_word' id='word_1_531' title='bbox 1992 3705 2008 3748; x_wconf 86' lang='lat' dir='ltr'>a</span> <span class='ocrx_word' id='word_1_532' title='bbox 2026 3689 2113 3750; x_wconf 90' lang='lat' dir='ltr'>vobis</span> <span class='ocrx_word' id='word_1_533' title='bbox 2131 3651 2347 3762; x_wconf 41' lang='lat' dir='ltr'>egliggtnfflhcom-</span> <span class='ocrx_word' id='word_1_534' title='bbox 2367 3711 2368 3720; x_wconf 53' lang='lat'>¹</span> 
     </span>
     <span class='ocr_line' id='line_1_102' title="bbox 1363 3780 2111 3855; baseline -0.003 -13"><span class='ocrx_word' id='word_1_535' title='bbox 1363 3789 1516 3843; x_wconf 89' lang='lat' dir='ltr'>statutum</span> <span class='ocrx_word' id='word_1_536' title='bbox 1537 3780 1648 3854; x_wconf 89' lang='lat' dir='ltr'>luerit,</span> <span class='ocrx_word' id='word_1_537' title='bbox 1674 3786 1707 3841; x_wconf 92' lang='lat' dir='ltr'>nt</span> <span class='ocrx_word' id='word_1_538' title='bbox 1734 3780 2111 3855; x_wconf 78' lang='lat' dir='ltr'>Proto-trebimandrita,</span> 
     </span>
     <span class='ocr_line' id='line_1_103' title="bbox 1365 3873 2113 3952; baseline 0 -18"><span class='ocrx_word' id='word_1_539' title='bbox 1365 3882 1431 3952; x_wconf 92' lang='lat' dir='ltr'>post</span> <span class='ocrx_word' id='word_1_540' title='bbox 1452 3873 1638 3934; x_wconf 89' lang='lat' dir='ltr'>electionem</span> <span class='ocrx_word' id='word_1_541' title='bbox 1669 3888 1774 3947; x_wconf 92' lang='lat' dir='ltr'>suam,</span> <span class='ocrx_word' id='word_1_542' title='bbox 1806 3873 2021 3946; x_wconf 87' lang='lat' dir='ltr'>iuramentum</span> <span class='ocrx_word' id='word_1_543' title='bbox 2042 3873 2113 3934; x_wconf 91' lang='lat' dir='ltr'>obe-</span> 
     </span>
     <span class='ocr_line' id='line_1_104' title="bbox 1365 3965 2113 4043; baseline -0.004 -13"><span class='ocrx_word' id='word_1_544' title='bbox 1365 3966 1501 4030; x_wconf 87' lang='lat' dir='ltr'>dientiae</span> <span class='ocrx_word' id='word_1_545' title='bbox 1521 3973 1675 4043; x_wconf 89' lang='lat' dir='ltr'>praestare</span> <span class='ocrx_word' id='word_1_546' title='bbox 1700 3966 1809 4028; x_wconf 89' lang='lat' dir='ltr'>debeat</span> <span class='ocrx_word' id='word_1_547' title='bbox 1830 3966 1863 4026; x_wconf 92' lang='lat' dir='ltr'>in</span> <span class='ocrx_word' id='word_1_548' title='bbox 1886 3965 2030 4028; x_wconf 88' lang='lat' dir='ltr'>manibus</span> <span class='ocrx_word' id='word_1_549' title='bbox 2051 3965 2113 4027; x_wconf 89' lang='lat' dir='ltr'>Me-</span> 
     </span>
     <span class='ocr_line' id='line_1_105' title="bbox 1366 4058 2111 4139; baseline -0.001 -18"><span class='ocrx_word' id='word_1_550' title='bbox 1366 4058 1556 4139; x_wconf 88' lang='lat' dir='ltr'>tropolitani,</span> <span class='ocrx_word' id='word_1_551' title='bbox 1581 4067 1648 4120; x_wconf 90' lang='lat' dir='ltr'>tum</span> <span class='ocrx_word' id='word_1_552' title='bbox 1663 4073 1718 4120; x_wconf 92' lang='lat' dir='ltr'>suo</span> <span class='ocrx_word' id='word_1_553' title='bbox 1734 4065 1803 4120; x_wconf 89' lang='lat' dir='ltr'>tum</span> <span class='ocrx_word' id='word_1_554' title='bbox 1824 4059 1919 4121; x_wconf 89' lang='lat' dir='ltr'>totius</span> <span class='ocrx_word' id='word_1_555' title='bbox 1940 4059 2111 4135; x_wconf 87' lang='lat' dir='ltr'>religionis,</span> 
     </span>
     <span class='ocr_line' id='line_1_106' title="bbox 1367 4151 2113 4230; baseline -0.003 -16"><span class='ocrx_word' id='word_1_556' title='bbox 1367 4159 1491 4230; x_wconf 87' lang='lat' dir='ltr'>tamque</span> <span class='ocrx_word' id='word_1_557' title='bbox 1521 4166 1595 4228; x_wconf 86' lang='lat' dir='ltr'>erga</span> <span class='ocrx_word' id='word_1_558' title='bbox 1617 4151 1763 4214; x_wconf 87' lang='lat' dir='ltr'>Sanctam</span> <span class='ocrx_word' id='word_1_559' title='bbox 1792 4151 1904 4214; x_wconf 82' lang='lat' dir='ltr'>sedem</span> <span class='ocrx_word' id='word_1_560' title='bbox 1926 4167 2019 4230; x_wconf 90' lang='lat' dir='ltr'>quarn</span> <span class='ocrx_word' id='word_1_561' title='bbox 2040 4166 2113 4228; x_wconf 90' lang='lat' dir='ltr'>erga</span> 
     </span>
     <span class='ocr_line' id='line_1_107' title="bbox 1365 4244 2113 4324; baseline 0.004 -20"><span class='ocrx_word' id='word_1_562' title='bbox 1365 4246 1466 4324; x_wconf 87' lang='lat' dir='ltr'>ipsum</span> <span class='ocrx_word' id='word_1_563' title='bbox 1489 4244 1773 4322; x_wconf 86' lang='lat' dir='ltr'>Metropolitanum,</span> <span class='ocrx_word' id='word_1_564' title='bbox 1807 4245 1983 4306; x_wconf 84' lang='lat' dir='ltr'>secundem</span> <span class='ocrx_word' id='word_1_565' title='bbox 2005 4245 2113 4307; x_wconf 85' lang='lat' dir='ltr'>omnic</span> 
     </span>
     <span class='ocr_line' id='line_1_108' title="bbox 1365 4336 2113 4409; baseline 0 -9"><span class='ocrx_word' id='word_1_566' title='bbox 1365 4338 1453 4409; x_wconf 82' lang='lat' dir='ltr'>iecra,</span> <span class='ocrx_word' id='word_1_567' title='bbox 1478 4336 1727 4399; x_wconf 80' lang='lat' dir='ltr'>constitutiones</span> <span class='ocrx_word' id='word_1_568' title='bbox 1749 4343 1781 4398; x_wconf 88' lang='lat' dir='ltr'>et</span> <span class='ocrx_word' id='word_1_569' title='bbox 1802 4337 1929 4400; x_wconf 89' lang='lat' dir='ltr'>decreto</span> <span class='ocrx_word' id='word_1_570' title='bbox 1949 4355 1970 4400; x_wconf 87' lang='lat' dir='ltr'>n</span> <span class='ocrx_word' id='word_1_571' title='bbox 1994 4337 2113 4400; x_wconf 87' lang='lat' dir='ltr'>Sancta</span> 
     </span>
     <span class='ocr_line' id='line_1_109' title="bbox 1366 4430 2113 4509; baseline -0.003 -15"><span class='ocrx_word' id='word_1_572' title='bbox 1366 4431 1442 4494; x_wconf 85' lang='lat' dir='ltr'>Sede</span> <span class='ocrx_word' id='word_1_573' title='bbox 1464 4431 1645 4509; x_wconf 82' lang='lat' dir='ltr'>Apostolico</span> <span class='ocrx_word' id='word_1_574' title='bbox 1662 4433 1751 4504; x_wconf 86' lang='lat' dir='ltr'>tctn,·</span> <span class='ocrx_word' id='word_1_575' title='bbox 1766 4440 1834 4509; x_wconf 92' lang='lat' dir='ltr'>post</span> <span class='ocrx_word' id='word_1_576' title='bbox 1851 4430 2029 4493; x_wconf 84' lang='lat' dir='ltr'>huiusmodi</span> <span class='ocrx_word' id='word_1_577' title='bbox 2045 4447 2113 4494; x_wconf 91' lang='lat' dir='ltr'>ver·</span> 
     </span>
     <span class='ocr_line' id='line_1_110' title="bbox 1366 4520 2113 4600; baseline -0.001 -17"><span class='ocrx_word' id='word_1_578' title='bbox 1366 4523 1412 4596; x_wconf 92' lang='lat' dir='ltr'>ba,</span> <span class='ocrx_word' id='word_1_579' title='bbox 1435 4523 1530 4583; x_wconf 87' lang='lat' dir='ltr'>etiam</span> <span class='ocrx_word' id='word_1_580' title='bbox 1554 4522 1626 4583; x_wconf 91' lang='lat' dir='ltr'>baec</span> <span class='ocrx_word' id='word_1_581' title='bbox 1647 4521 1703 4582; x_wconf 91' lang='lat' dir='ltr'>alia</span> <span class='ocrx_word' id='word_1_582' title='bbox 1733 4538 1787 4600; x_wconf 92' lang='lat' dir='ltr'>per</span> <span class='ocrx_word' id='word_1_583' title='bbox 1809 4538 1863 4582; x_wconf 89' lang='lat' dir='ltr'>vos</span> <span class='ocrx_word' id='word_1_584' title='bbox 1887 4520 2025 4584; x_wconf 87' lang='lat' dir='ltr'>addenda</span> <span class='ocrx_word' id='word_1_585' title='bbox 2047 4537 2113 4582; x_wconf 85' lang='lat' dir='ltr'>esse</span> 
     </span>
     <span class='ocr_line' id='line_1_111' title="bbox 1367 4613 2114 4691; baseline -0.001 -17"><span class='ocrx_word' id='word_1_586' title='bbox 1367 4614 1583 4691; x_wconf 89' lang='lat' dir='ltr'>praecipimus,</span> <span class='ocrx_word' id='word_1_587' title='bbox 1595 4627 1724 4690; x_wconf 86' lang='lat' dir='ltr'>nempe:</span> <span class='ocrx_word' id='word_1_588' title='bbox 1744 4614 1786 4674; x_wconf 83' lang='lat' dir='ltr'>Et</span> <span class='ocrx_word' id='word_1_589' title='bbox 1800 4613 1897 4674; x_wconf 75' lang='lat' dir='ltr'>incrta</span> <span class='ocrx_word' id='word_1_590' title='bbox 1910 4613 2114 4688; x_wconf 83' lang='lat' dir='ltr'>praescripto</span> 
     </span>
     <span class='ocr_line' id='line_1_112' title="bbox 1366 4703 2112 4776; baseline -0.003 -11"><span class='ocrx_word' id='word_1_591' title='bbox 1366 4704 1401 4766; x_wconf 88' lang='lat' dir='ltr'>in</span> <span class='ocrx_word' id='word_1_592' title='bbox 1417 4706 1523 4766; x_wconf 86' lang='lat' dir='ltr'>literis</span> <span class='ocrx_word' id='word_1_593' title='bbox 1540 4703 1746 4766; x_wconf 80' lang='lat' dir='ltr'>sanctissimi</span> <span class='ocrx_word' id='word_1_594' title='bbox 1758 4703 1889 4766; x_wconf 84' lang='lat' dir='ltr'>Domini</span> <span class='ocrx_word' id='word_1_595' title='bbox 1905 4705 2016 4767; x_wconf 81' lang='lat' dir='ltr'>Nostri</span> <span class='ocrx_word' id='word_1_596' title='bbox 2039 4709 2112 4776; x_wconf 81' lang='lat' dir='ltr'>etc,</span> 
     </span>
     <span class='ocr_line' id='line_1_113' title="bbox 1365 4797 2113 4876; baseline -0.001 -18"><span class='ocrx_word' id='word_1_597' title='bbox 1365 4799 1477 4876; x_wconf 92' lang='lat' dir='ltr'>quibus</span> <span class='ocrx_word' id='word_1_598' title='bbox 1494 4797 1576 4860; x_wconf 89' lang='lat' dir='ltr'>idem</span> <span class='ocrx_word' id='word_1_599' title='bbox 1592 4798 1945 4860; x_wconf 82' lang='lat' dir='ltr'>Proto-Arcbimandrita</span> <span class='ocrx_word' id='word_1_600' title='bbox 1957 4807 1988 4858; x_wconf 92' lang='lat' dir='ltr'>et</span> <span class='ocrx_word' id='word_1_601' title='bbox 2002 4797 2113 4874; x_wconf 90' lang='lat' dir='ltr'>religio</span> 
     </span>
     <span class='ocr_line' id='line_1_114' title="bbox 1366 4890 2114 4967; baseline -0.001 -15"><span class='ocrx_word' id='word_1_602' title='bbox 1366 4890 1527 4953; x_wconf 81' lang='lat' dir='ltr'>manifeste</span> <span class='ocrx_word' id='word_1_603' title='bbox 1539 4890 1695 4967; x_wconf 89' lang='lat' dir='ltr'>obligetur</span> <span class='ocrx_word' id='word_1_604' title='bbox 1710 4893 1745 4952; x_wconf 89' lang='lat' dir='ltr'>ad</span> <span class='ocrx_word' id='word_1_605' title='bbox 1761 4891 1989 4953; x_wconf 89' lang='lat' dir='ltr'>observantiam</span> <span class='ocrx_word' id='word_1_606' title='bbox 1999 4898 2032 4951; x_wconf 90' lang='lat' dir='ltr'>et</span> <span class='ocrx_word' id='word_1_607' title='bbox 2043 4905 2114 4952; x_wconf 84' lang='lat' dir='ltr'>ere·</span> 
     </span>
     <span class='ocr_line' id='line_1_115' title="bbox 1365 4984 2114 5062; baseline -0.004 -15"><span class='ocrx_word' id='word_1_608' title='bbox 1365 4986 1525 5047; x_wconf 88' lang='lat' dir='ltr'>cntionem</span> <span class='ocrx_word' id='word_1_609' title='bbox 1553 4999 1665 5046; x_wconf 89' lang='lat' dir='ltr'>eorum</span> <span class='ocrx_word' id='word_1_610' title='bbox 1693 4985 1848 5058; x_wconf 91' lang='lat' dir='ltr'>omnium,</span> <span class='ocrx_word' id='word_1_611' title='bbox 1871 4985 2003 5062; x_wconf 89' lang='lat' dir='ltr'>quaein</span> <span class='ocrx_word' id='word_1_612' title='bbox 2029 4984 2114 5044; x_wconf 85' lang='lat' dir='ltr'>bisce</span> 
     </span>
     <span class='ocr_line' id='line_1_116' title="bbox 1365 5077 1836 5140; baseline -0.002 -2"><span class='ocrx_word' id='word_1_613' title='bbox 1365 5079 1479 5140; x_wconf 88' lang='lat' dir='ltr'>nostris</span> <span class='ocrx_word' id='word_1_614' title='bbox 1502 5078 1599 5139; x_wconf 92' lang='lat' dir='ltr'>literis</span> <span class='ocrx_word' id='word_1_615' title='bbox 1621 5077 1836 5140; x_wconf 88' lang='lat' dir='ltr'>continentur.</span> 
     </span>
    </p>

    <p class='ocr_par' dir='ltr' id='par_1_14' title="bbox 1363 5168 2368 5917">
     <span class='ocr_line' id='line_1_117' title="bbox 1404 5168 2368 5259; baseline -0.005 -27"><span class='ocrx_word' id='word_1_616' title='bbox 1404 5173 1423 5246; x_wconf 70' lang='grc' dir='ltr'><strong>ἓ</strong></span> <span class='ocrx_word' id='word_1_617' title='bbox 1445 5171 1493 5232; x_wconf 75' lang='lat'>23.</span> <span class='ocrx_word' id='word_1_618' title='bbox 1519 5170 1590 5232; x_wconf 88' lang='lat' dir='ltr'>Vita</span> <span class='ocrx_word' id='word_1_619' title='bbox 1612 5170 1719 5233; x_wconf 88' lang='lat' dir='ltr'>iuncto</span> <span class='ocrx_word' id='word_1_620' title='bbox 1735 5168 2110 5243; x_wconf 80' lang='lat' dir='ltr'>Proto-drobimandrita,</span> <span class='ocrx_word' id='word_1_621' title='bbox 2171 5205 2206 5247; x_wconf 72' lang='lat' dir='ltr'>D,</span> <span class='ocrx_word' id='word_1_622' title='bbox 2222 5201 2344 5259; x_wconf 69' lang='lat' dir='ltr'>regimine</span> <span class='ocrx_word' id='word_1_623' title='bbox 2367 5193 2368 5196; x_wconf 37' lang='lat'>¹</span> 
     </span>
     <span class='ocr_line' id='line_1_118' title="bbox 1364 5256 2343 5356; baseline -0.003 -31"><span class='ocrx_word' id='word_1_624' title='bbox 1364 5263 1561 5340; x_wconf 88' lang='lat' dir='ltr'>decrevistis,</span> <span class='ocrx_word' id='word_1_625' title='bbox 1584 5264 1665 5342; x_wconf 89' lang='lat' dir='ltr'>quod</span> <span class='ocrx_word' id='word_1_626' title='bbox 1693 5265 1812 5342; x_wconf 90' lang='lat' dir='ltr'>primus</span> <span class='ocrx_word' id='word_1_627' title='bbox 1833 5262 1993 5325; x_wconf 88' lang='lat' dir='ltr'>consultor</span> <span class='ocrx_word' id='word_1_628' title='bbox 2018 5277 2114 5338; x_wconf 89' lang='lat' dir='ltr'>gene-</span> <span class='ocrx_word' id='word_1_629' title='bbox 2131 5256 2343 5356; x_wconf 55' lang='lat' dir='ltr'>ssffipo‘fffflflj</span> 
     </span>
     <span class='ocr_line' id='line_1_119' title="bbox 1364 5359 2112 5438; baseline -0.003 -18"><span class='ocrx_word' id='word_1_630' title='bbox 1364 5360 1447 5436; x_wconf 85' lang='lat' dir='ltr'>ruiis,</span> <span class='ocrx_word' id='word_1_631' title='bbox 1469 5376 1508 5420; x_wconf 83' lang='lat' dir='ltr'>er</span> <span class='ocrx_word' id='word_1_632' title='bbox 1530 5376 1565 5421; x_wconf 91' lang='lat' dir='ltr'>ea</span> <span class='ocrx_word' id='word_1_633' title='bbox 1593 5359 1752 5438; x_wconf 91' lang='lat' dir='ltr'>provincia</span> <span class='ocrx_word' id='word_1_634' title='bbox 1784 5359 1964 5435; x_wconf 90' lang='lat' dir='ltr'>eligendus,</span> <span class='ocrx_word' id='word_1_635' title='bbox 1986 5373 2026 5419; x_wconf 85' lang='lat' dir='ltr'>er</span> <span class='ocrx_word' id='word_1_636' title='bbox 2052 5374 2112 5435; x_wconf 93' lang='lat' dir='ltr'>qua</span> 
     </span>
     <span class='ocr_line' id='line_1_120' title="bbox 1363 5453 2112 5530; baseline -0.005 -16"><span class='ocrx_word' id='word_1_637' title='bbox 1363 5462 1429 5515; x_wconf 86' lang='lat' dir='ltr'>erat</span> <span class='ocrx_word' id='word_1_638' title='bbox 1451 5453 1617 5515; x_wconf 79' lang='lat' dir='ltr'>defunctus</span> <span class='ocrx_word' id='word_1_639' title='bbox 1633 5453 2006 5526; x_wconf 83' lang='lat' dir='ltr'>Proto-Archimandrita,</span> <span class='ocrx_word' id='word_1_640' title='bbox 2026 5457 2112 5530; x_wconf 76' lang='lat' dir='ltr'>repet</span> 
     </span>
     <span class='ocr_line' id='line_1_121' title="bbox 1364 5545 2113 5624; baseline -0.003 -18"><span class='ocrx_word' id='word_1_641' title='bbox 1364 5562 1436 5608; x_wconf 87' lang='lat' dir='ltr'>cnm</span> <span class='ocrx_word' id='word_1_642' title='bbox 1447 5547 1535 5607; x_wconf 83' lang='lat' dir='ltr'>scite</span> <span class='ocrx_word' id='word_1_643' title='bbox 1550 5545 1795 5622; x_wconf 85' lang='lat' dir='ltr'>Metrcpotitoni</span> <span class='ocrx_word' id='word_1_644' title='bbox 1812 5545 2012 5624; x_wconf 68' lang='lat' dir='ltr'>religionen·</span> <span class='ocrx_word' id='word_1_645' title='bbox 2027 5545 2113 5606; x_wconf 88' lang='lat' dir='ltr'>dein-</span> 
     </span>
     <span class='ocr_line' id='line_1_122' title="bbox 1363 5637 2113 5719; baseline -0.007 -16"><span class='ocrx_word' id='word_1_646' title='bbox 1363 5643 1463 5719; x_wconf 89' lang='lat' dir='ltr'>deque</span> <span class='ocrx_word' id='word_1_647' title='bbox 1484 5657 1517 5702; x_wconf 91' lang='lat' dir='ltr'>ea</span> <span class='ocrx_word' id='word_1_648' title='bbox 1539 5639 1745 5716; x_wconf 90' lang='lat' dir='ltr'>subiungitis,</span> <span class='ocrx_word' id='word_1_649' title='bbox 1775 5652 1853 5715; x_wconf 89' lang='lat' dir='ltr'>quae</span> <span class='ocrx_word' id='word_1_650' title='bbox 1879 5637 2113 5698; x_wconf 89' lang='lat' dir='ltr'>intimationem</span> 
     </span>
     <span class='ocr_line' id='line_1_123' title="bbox 1363 5730 2113 5812; baseline 0 -20"><span class='ocrx_word' id='word_1_651' title='bbox 1363 5731 1461 5796; x_wconf 88' lang='lat' dir='ltr'>loturi</span> <span class='ocrx_word' id='word_1_652' title='bbox 1473 5733 1599 5812; x_wconf 86' lang='lat' dir='ltr'>capituli</span> <span class='ocrx_word' id='word_1_653' title='bbox 1610 5730 1764 5809; x_wconf 86' lang='lat' dir='ltr'>generalis</span> <span class='ocrx_word' id='word_1_654' title='bbox 1775 5730 2113 5809; x_wconf 89' lang='lat' dir='ltr'>prosuccessoriselec·</span> 
     </span>
     <span class='ocr_line' id='line_1_124' title="bbox 1364 5824 2112 5917; baseline -0.004 -28"><span class='ocrx_word' id='word_1_655' title='bbox 1364 5829 1447 5890; x_wconf 88' lang='lat' dir='ltr'>tione</span> <span class='ocrx_word' id='word_1_656' title='bbox 1469 5837 1676 5917; x_wconf 81' lang='lat' dir='ltr'>concernunt.</span> <span class='ocrx_word' id='word_1_657' title='bbox 1704 5824 1785 5887; x_wconf 88' lang='lat' dir='ltr'>Loco</span> <span class='ocrx_word' id='word_1_658' title='bbox 1806 5826 1911 5902; x_wconf 90' lang='lat' dir='ltr'>itaque</span> <span class='ocrx_word' id='word_1_659' title='bbox 1935 5827 2112 5903; x_wconf 89' lang='lat' dir='ltr'>praemissa-</span> 
     </span>
    </p>
   </div>
   <div class='ocr_carea' id='block_1_11' title="bbox 1362 5918 2112 6000">
    <p class='ocr_par' dir='ltr' id='par_1_15' title="bbox 1362 5918 2112 6000">
     <span class='ocr_line' id='line_1_125' title="bbox 1362 5918 2112 6000; baseline -0.005 -18"><span class='ocrx_word' id='word_1_660' title='bbox 1362 5937 1432 5984; x_wconf 90' lang='lat' dir='ltr'>rum</span> <span class='ocrx_word' id='word_1_661' title='bbox 1457 5937 1570 5984; x_wconf 92' lang='lat' dir='ltr'>vocum</span> <span class='ocrx_word' id='word_1_662' title='bbox 1592 5925 1712 6000; x_wconf 75' lang='lat' dir='ltr'>crepet</span> <span class='ocrx_word' id='word_1_663' title='bbox 1734 5935 1806 5980; x_wconf 90' lang='lat' dir='ltr'>enm</span> <span class='ocrx_word' id='word_1_664' title='bbox 1828 5919 1916 5981; x_wconf 81' lang='lat' dir='ltr'>scitu</span> <span class='ocrx_word' id='word_1_665' title='bbox 1931 5918 2112 5995; x_wconf 86' lang='lat' dir='ltr'>Metropoli·</span> 
     </span>
    </p>
   </div>
   <div class='ocr_carea' id='block_1_12' title="bbox 0 0 2386 6965">
    <p class='ocr_par' dir='ltr' id='par_1_16' title="bbox 0 0 2386 6965">
     <span class='ocr_line' id='line_1_126' title="bbox 0 0 2386 6965; baseline 0 0"><span class='ocrx_word' id='word_1_666' title='bbox 0 0 2386 6965; x_wconf 95' lang='lat' dir='ltr'> </span> 
     </span>
    </p>
   </div>
  </div>
 </body>
</html>
