4764 6972
346 505 646 568 Amfflssffiss

565 657 637 704 men
654 644 686 705 in
702 646 865 709 christiana
883 649 942 711 fide
956 657 987 711 et
998 650 1145 713 catbolica
1160 652 1314 726 religione

564 744 739 800 constantes
754 742 973 817 perstiterunt:
991 759 1062 804 oum
1075 743 1220 806 Clemens
1236 745 1310 808 lllll.

563 827 623 891 boc
644 831 745 909 ipsum
766 834 1008 910 confirmaverit,
1038 836 1194 913 addendo,
1218 839 1314 902 Maro-

564 922 644 984 nitas
668 924 822 987 Romanae
845 927 1009 1003 Ecclesiae,
1026 931 1147 1008 parenti
1170 934 1313 994 omnium

564 1014 701 1078 fidelium
725 1028 755 1080 et
772 1021 947 1096 magistrae,
961 1038 1084 1101 semper
1104 1025 1313 1088 obedientiam

564 1109 768 1184 praestitisse:
792 1129 864 1174 cum
887 1113 996 1176 Paulus
1019 1115 1055 1176 ll.
1081 1117 1111 1178 in
1135 1117 1198 1180 suis
1216 1117 1313 1179 literis

563 1199 727 1264 Maronitas
759 1222 900 1268 rosarum
932 1208 1049 1270 similes
1081 1227 1146 1272 esse
1178 1211 1311 1288 dixerit,

1092 533 1156 577 ibit.
1183 533 1272 578 PONT.
1297 535 1337 579 DE
1359 537 1387 580 Ρ.
1411 537 1440 581 F.
1466 538 1547 583 PARS
1570 539 1590 582 i.

2149 528 2203 584 An.
2216 531 2245 584 C.
2267 535 2326 588 lida

1410 655 1450 717 llt
1471 672 1546 718 vero
1567 674 1604 718 eo
1632 667 1842 736 revertamur,
1871 665 1954 726 unde
1982 662 2118 728 discessi·
2150 677 2336 729 castorumeou·

1371 764 1450 822 mus,
1467 749 1604 827 primum
1616 752 1678 812 Deo
1689 752 1869 830 immortali,
1883 755 2038 820 bonorum
2052 773 2119 820 om·

1371 841 1460 902 nium
1482 843 1591 917 datori,
1615 845 1741 920 gratias,
1764 854 1918 924 quantum
1940 866 2116 927 possumus,

1369 949 1407 994 ex
1428 933 1518 996 corde
1539 935 1670 1011 agimus.
1688 936 1814 1014 Deinde,
1831 957 2043 1020 quaecumque
2065 959 2117 1020 ge·

1368 1033 1413 1086 sta
1434 1033 1507 1087 sunt
1530 1027 1561 1088 in
1588 1029 1804 1092 executionem
1831 1032 1975 1096 brevium
1997 1044 2118 1097 nostro-

1368 1135 1437 1180 rum
1460 1120 1498 1180 ab
1519 1121 1675 1199 Episcopis
1697 1132 1728 1184 et
1753 1124 1995 1206 archiepiscopis
2017 1145 2118 1190 maro-

2136 727 2253 776 firmatio.

1368 1211 1442 1272 nitis
1464 1229 1519 1291 pro
1541 1213 1669 1277 Simone
1691 1215 1807 1278 Evodio
1832 1219 1967 1282 Damasci
1990 1222 2117 1284 ilrcbie·

563 1297 644 1372 qood
667 1297 819 1374 singulari
840 1300 892 1361 Dei
916 1302 1013 1377 gratia
1036 1303 1120 1365 inter
1140 1305 1243 1382 spinas
1266 1305 1313 1368 in·
1367 1305 1500 1382 piscopo,
1526 1314 1556 1367 et
1577 1323 1592 1366 a
1614 1308 1702 1370 nobis
1723 1310 1895 1373 Patriarcba
1920 1313 2115 1376 Antiocheno

563 1387 718 1450 fidelitatis
741 1391 773 1451 in
796 1392 921 1456 Oriente
943 1395 1105 1458 florerent:
1130 1413 1201 1458 cum
1217 1397 1311 1460 Urba·
1367 1413 1422 1474 per
1443 1397 1548 1460 literas
1570 1401 1747 1477 apostolicas
1767 1406 1948 1480 constituto,
1970 1407 2117 1486 approba-

563 1497 622 1544 nus
645 1481 721 1544 lllll.
746 1485 777 1545 in
798 1485 861 1547 suis
884 1489 998 1565 pariter
1019 1489 1191 1568 apostolicis
1214 1490 1312 1553 literis

562 1577 744 1652 asseruerit,
768 1593 831 1640 non
853 1581 1022 1644 concidisse
1051 1582 1184 1645 Carmeli
1206 1585 1310 1658 decue,

562 1687 665 1748 neque
676 1673 836 1736 estinctam
853 1691 922 1738 esse
936 1675 1045 1738 Libani
1060 1678 1202 1754 gloriam3
1214 1696 1311 1758 quan·

562 1765 725 1844 doquidem
749 1769 928 1846 patriarcba,
946 1772 1100 1849 praesules
1122 1780 1152 1834 et
1173 1777 1310 1836 sacerdo-

562 1865 607 1920 tes
639 1861 810 1923 maronitae
832 1862 863 1924 in
891 1863 1063 1939 Apostolica
1092 1866 1169 1928 sede
1197 1884 1230 1929 ac
1251 1867 1310 1930 Ro.
1364 1863 1446 1940 scopi
1469 1873 1499 1924 et
1521 1862 1711 1926 Patriarchae
1725 1866 1892 1930 orientales
1912 1868 2113 1932 bonorePal-

561 1968 654 2013 mano
676 1953 824 2016 Pontidce
839 1956 907 2017 llivi
921 1957 1004 2018 Petri
1020 1959 1236 2020 auctoritatem
1259 1978 1312 2022 ve·

562 2056 729 2107 nerantur:
764 2063 836 2109 cum
867 2047 1001 2128 denique
1030 2050 1173 2114 Clemens
1196 2053 1247 2118 iil.
1276 2055 1308 2116 in

561 2137 625 2198 suis
657 2138 831 2216 apostolicis
858 2141 1005 2204 brevibus
1033 2143 1065 2205 in
1092 2143 1194 2207 lucem
1218 2147 1310 2208 edilis

560 2231 674 2292 similia
704 2241 735 2293 et
767 2233 823 2294 alia
856 2235 988 2311 plurima
1021 2236 1052 2297 in
1085 2236 1307 2301 Maronitarum

560 2324 864 2388 commendationem
885 2328 1085 2403 congesserit.

357 2447 541 2494 baroniarum
601 2419 740 2480 Utuntur
753 2419 918 2481 Maronitae
930 2421 992 2481 ritu
1008 2420 1080 2483 huic
1096 2422 1226 2486 Sanctae
1237 2423 1309 2487 sedi

329 2499 543 2609 fflflfflmlffl'
561 2513 697 2592 probato,
721 2512 836 2590 quique
850 2512 885 2572 ad
902 2513 997 2575 ritum
1019 2530 1185 2577 romanum
1201 2533 1308 2594 quam·

388 2589 394 2602 ’
560 2608 701 2685 proxime
729 2607 860 2681 accedit,
889 2623 960 2669 cum
988 2615 1018 2669 et
1048 2609 1103 2687 ipsi
1127 2609 1159 2671 in
1186 2627 1306 2689 azymo,

560 2716 622 2762 non
638 2700 669 2762 in
686 2699 883 2775 fermentato,
900 2701 1078 2779 conficiant3
1095 2720 1191 2765 sacras
1209 2713 1307 2766 vestes

560 2794 594 2854 ad
618 2793 770 2856 Ecclesiae
792 2793 946 2854 Romanae
972 2793 1104 2857 formam
1126 2798 1306 2874 adhibeant3

559 2889 664 2951 Missas
696 2888 827 2965 privatas
856 2887 1022 2965 pluresque
1051 2889 1082 2950 in
1110 2890 1192 2952 diem
1214 2907 1308 2968 super

559 2981 669 3042 eodem
701 2980 787 3041 altari
813 2978 988 3056 celebrent,
1022 2997 1124 3059 neque
1157 2982 1188 3043 in
1220 2982 1308 3044 Missa

559 3090 669 3152 aquam
691 3073 829 3146 calidam,
851 3081 884 3134 ut
906 3071 1023 3148 Graeci,
1039 3081 1211 3151 apponant;
1234 3092 1306 3138 cum

559 3166 693 3244 denique
713 3165 769 3226 soli
784 3165 923 3242 Episcopi
939 3166 1191 3228 Confirmationis
1211 3185 1307 3230 sacra·

559 3268 704 3322 mentum
719 3257 894 3332 conferant,
918 3267 948 3320 et
963 3274 1082 3320 novum
1097 3259 1305 3322 calendarium

559 3355 644 3430 iuxta
665 3352 888 3414 correctionem
915 3353 1132 3428 gregorianam
1154 3356 1233 3432 apud
1256 3369 1308 3415 eos

558 3448 592 3509 in
615 3463 673 3508 usu
695 3445 743 3506 sit.
768 3446 867 3518 Quare
889 3445 1041 3506 nonnulla
1064 3445 1203 3522 legentes
1228 3448 1307 3524 ipso-

558 3556 631 3603 rum
643 3547 844 3600 monomenta
857 3538 891 3598 acl
905 3553 961 3600 nos
972 3538 1027 3599 bac
1039 3539 1197 3600 occasione
1210 3548 1307 3603 trans-

558 3633 659 3705 missa,
684 3631 785 3692 mirati
806 3646 925 3706 sumus,
948 3632 1028 3710 quod
1052 3647 1130 3709 quae
1152 3634 1228 3694 circa
1252 3650 1308 3694 no-

505 3731 510 3742 *
558 3741 635 3788 vum
656 3741 749 3786 suum
771 3724 989 3798 Patriarcbam,
1019 3724 1091 3786 licet
1116 3734 1204 3787 antea
1226 3727 1307 3790 ordi-

559 3826 667 3879 natum
691 3817 887 3894 Episcopum,
910 3824 1084 3894 praestant,
1102 3833 1135 3878 ea
1151 3835 1307 3882 consecra·

354 3930 495 3978 recurvans
508 3931 539 3977 oa
561 3909 652 3971 tionis
664 3910 793 3972 nomine
803 3917 959 3971 vocarent.
971 3909 1009 3970 at
1020 3925 1095 3971 vero
1109 3912 1133 3972 si
1144 3910 1306 3974 conferan-

327 3985 539 4096 {ffifflgfflasspffi
560 4011 610 4064 tur
631 4018 709 4080 quae
731 4002 788 4079 ipsi
809 4001 924 4064 faciunt
946 4019 1018 4064 cum
1040 4003 1228 4078 Patriarcba,
1252 4006 1306 4082 qui

328 4093 475 4140 aaronitas.
559 4095 726 4174 Episcopus
738 4109 800 4155 non
812 4095 861 4168 sit,
872 4111 943 4156 cum
956 4095 992 4155 iis
1003 4113 1082 4173 quae
1093 4095 1191 4159 facere
1205 4097 1306 4160 solent

557 4205 629 4251 oum
650 4188 822 4250 Patriarcba
850 4189 885 4249 ad
914 4188 1129 4266 Episcopatum
1155 4191 1214 4252 iam
1236 4207 1307 4269 pro-

558 4291 654 4356 moto,
677 4281 765 4344 facile
786 4281 846 4343 erit
868 4281 1056 4357 intelligere,
1080 4282 1158 4344 banc
1179 4285 1305 4360 quidem

558 4392 621 4438 non
644 4389 709 4436 esse
730 4375 969 4450 ordinationem,
983 4389 1085 4453 neque
1108 4391 1212 4438 veram
1234 4393 1305 4438 con-

556 4469 780 4542 seorationem,
803 4469 854 4528 sed
879 4467 1062 4529 sollemnem
1091 4469 1192 4546 potius
1214 4470 1305 4531 bene·

557 4560 741 4634 dictionem,
768 4575 801 4621 ac
823 4559 960 4636 publicae
985 4561 1177 4624 obedientiae
1205 4571 1306 4641 prote-

557 4653 740 4727 stationem,
770 4653 939 4714 autetiam
965 4653 1064 4714 divini
1088 4671 1181 4732 super
1202 4656 1303 4734 ipsum

557 4745 762 4806 Patriarcbam
775 4747 903 4822 eiusque
919 4760 1052 4821 regnum
1067 4746 1174 4807 auxilii
1196 4748 1305 4826 implo-

557 4839 721 4899 rationem.
745 4839 783 4900 Et
803 4852 878 4899 sane
899 4839 978 4915 opud
1007 4846 1160 4900 nostrates
1181 4855 1304 4918 quoque

557 4938 713 5007 auctores,
736 4931 833 4992 immo
856 4933 887 4992 in
908 4931 1093 5009 quibusdam
1120 4932 1304 5010 pontificum

557 5039 759 5086 romanorum
778 5023 887 5099 literis,
900 5025 1050 5086 ordinatio
1073 5031 1102 5086 ct
1117 5027 1304 5088 consecratio

556 5133 612 5196 pro
644 5117 877 5192 benedictione,
908 5116 1072 5193 electione,
1096 5133 1128 5179 ac
1158 5118 1304 5180 sollemni

556 5210 763 5286 auguratione
783 5221 983 5287 usurpantur.
1008 5208 1115 5288 Neque
1127 5226 1201 5272 vero
1223 5213 1302 5290 apud

555 5303 625 5366 illos
647 5301 675 5364 id
698 5318 817 5365 novum
845 5319 878 5364 ac
906 5318 1013 5364 recens
1040 5303 1222 5380 inventum,
1251 5305 1304 5368 sed

556 5397 635 5460 ritus
656 5403 688 5457 et
710 5395 903 5458 caeremonia
924 5411 963 5455 ex
984 5405 1108 5457 vetusto
1130 5397 1234 5458 rituali
1255 5414 1303 5476 sy·

555 5490 638 5552 riaco
671 5491 865 5568 deprompta:
902 5489 1163 5566 quemadmodum
1195 5489 1304 5552 Petrus

556 5584 777 5645 Maronitarum
800 5581 971 5644 Patriarcba
992 5583 1028 5642 ad
1050 5581 1188 5643 Leonem
1200 5583 1238 5644 ll.
1256 5599 1304 5644 re-

556 5679 640 5754 tulit,
663 5688 694 5741 et
715 5679 747 5741 in
771 5679 879 5742 ultima
896 5679 1045 5742 libanensi
1059 5679 1177 5756 synodo
1198 5677 1304 5739 abbae

557 5772 664 5835 Sancta
687 5772 766 5835 Sede
787 5773 986 5848 confirmata,
1011 5781 1171 5849 tantoque,
1195 5779 1229 5833 ut
1250 5789 1302 5833 au-

556 5865 654 5940 distis,
677 5866 785 5943 plausu
806 5875 926 5944 recepta
949 5867 1129 5946 explicatur.

1335 2262 1338 2381 l

1368 1504 1447 1564 mus,
1465 1499 1507 1565 et,
1523 1501 1676 1569 quatenus
1690 1511 1766 1572 opus
1787 1497 1837 1571 sit,
1850 1499 2032 1562 auctoritate
2045 1516 2115 1578 apo·

1364 1582 1471 1644 stolica
1493 1585 1724 1647 confirmamus.

1430 1675 1445 1754 (
1447 1675 1624 1738 omittitur
1638 1686 1790 1744 consueta
1800 1682 1914 1758 petitio
1929 1682 2045 1764 Pollii)

1405 1769 1474 1831 Non
1496 1770 1593 1831 semel
1620 1773 1675 1834 bac
1697 1782 1800 1834 nostra
1829 1783 1929 1838 aetate
1955 1778 2113 1856 Arcbiepi·
2131 1788 2336 1890 &magistria-

1365 1954 1398 2016 lii
1419 1955 1524 2016 donati
1546 1964 1629 2017 sunt.
1655 1957 1816 2020 Consimili
1844 1960 2025 2024 celebritate
2047 1963 2112 2024 Pal·

1364 2047 1472 2109 liuma
1489 2048 1650 2112 Clemente
1666 2049 1717 2112 Xl.
1732 2067 1787 2129 pro
1801 2052 1973 2115 Patriarcba
1989 2055 2113 2118 alexan·

1364 2141 1454 2203 drino
1470 2157 1525 2202 nos
1540 2142 1767 2220 postulavimus
1779 2151 1808 2205 et
1820 2144 2025 2222 obtinuimus,
2039 2163 2111 2209 cum

1364 2234 1448 2294 inter
1483 2235 1642 2296 advocatos
1677 2236 1905 2298 consistoriales
1935 2254 2110 2314 ageremus.

1364 2325 1424 2388 Nos
1446 2327 1521 2388 item
1549 2328 1689 2388 manibus
1718 2330 1831 2391 uostris
1853 2333 1961 2394 eodem
1989 2334 2112 2396 ornavi-

1365 2436 1434 2482 mus
1453 2420 1581 2482 Petrum
1604 2420 1815 2484 Abrabamum
1836 2440 2037 2488 armenorum
2065 2445 2112 2489 ca-

1365 2511 1549 2574 tholicorum
1571 2514 1784 2590 patriarcham.
1810 2515 1871 2576 Nos
1887 2517 1943 2595 ipsi
1958 2520 2016 2581 boc
2030 2535 2112 2580 anno

1362 2606 1398 2667 ad
1411 2605 1562 2682 Cyrillum
1578 2607 1780 2683 patriarcham
1793 2609 2015 2672 antiochenum
2026 2628 2111 2688 grae-

1362 2713 1469 2758 corum
1486 2698 1699 2760 Melcbitarum
1719 2700 1854 2763 electum
1876 2701 1952 2764 illud
1967 2703 2112 2766 sollemni

1361 2791 1424 2851 ritu
1448 2791 1600 2851 misimus.
1624 2792 1730 2870 ltaque
1757 2793 1892 2856 libenter
1918 2797 2112 2859 admittimus

1361 2884 1546 2960 petitionem
1568 2884 1651 2961 pallii
1673 2886 1761 2947 nobis
1783 2886 1893 2949 factam
1915 2904 1970 2966 pro
1981 2887 2109 2952 Simone

1360 2975 1451 3036 Petro
1474 2976 1644 3037 Patriarcba
1667 2977 1888 3040 Maronitarum
1914 2981 2030 3058 electo,
2052 2991 2112 3044 sta·

1362 3070 1418 3129 tim
1440 3085 1473 3130 ac
1495 3071 1559 3146 ipse
1582 3069 1652 3131 fidei
1668 3070 1889 3148 professionem
1904 3090 2013 3136 rursus
2035 3076 2112 3136 emi·

1360 3163 1447 3237 serit,
1464 3177 1535 3238 erga
1557 3163 1636 3225 banc
1647 3163 1789 3226 Sanctam
1806 3165 1919 3228 Sedem
1933 3168 2110 3231 iuramento

1362 3253 1432 3316 fidei
1455 3257 1601 3316 demere
1623 3257 1780 3333 praestito.

1400 3347 1480 3422 Quin
1509 3349 1604 3410 etiam
1632 3350 1775 3411 uberiora
1806 3359 1870 3414 tam
1903 3369 1976 3431 erga
2008 3354 2110 3432 ipsum
2159 3377 2334 3428 arrosravores

1360 3440 1568 3502 Patriarcbam
1598 3441 1744 3518 electum,
1773 3459 1867 3521 quam
1892 3461 1964 3523 erga
1991 3447 2109 3511 clerum
2129 3433 2256 3480 ΜΝ·

1361 3534 1545 3596 universum
1558 3543 1589 3595 et
1604 3535 1754 3613 populum
1770 3537 2004 3614 Maronitarum,
2018 3542 2110 3604 bene·

1362 3625 1514 3687 velentiae
1536 3634 1660 3688 nostrae
1681 3639 1864 3705 argumenta
1892 3633 2039 3696 exhibere
2060 3652 2112 3698 cu·

1361 3719 1493 3797 pientes,
1506 3717 1591 3781 Pauli
1603 3718 1637 3782 V.
1648 3723 1993 3797 praedecessorisnoslri
2005 3743 2110 3788 exem·

1362 3812 1422 3889 plo,
1446 3812 1499 3889 qui
1521 3812 1667 3889 peculiari
1689 3829 1743 3874 sua
1765 3817 1986 3880 constitutione
2006 3820 2040 3880 ad
2057 3818 2111 3882 Pe·

1362 3912 1447 3966 trum
1477 3903 1686 3966 Patriarcbam
1713 3905 1936 3972 Maronitarum
1967 3911 2110 3990 apostoli-

1361 4011 1426 4057 cam
1460 3995 1707 4060 benedictionem
1733 4000 1834 4076 misit,
1861 4017 1932 4063 cum
1965 4003 2109 4067 facultate

1360 4089 1442 4152 clero
1465 4099 1495 4152 et
1516 4090 1629 4168 populo
1659 4090 1882 4155 Maronitarum
1907 4094 2109 4160 benedicendi

1360 4192 1391 4244 et
1403 4183 1613 4258 indulgentias
1623 4185 1805 4261 elargiendi,
1819 4202 1874 4248 nos
1885 4203 2010 4266 quoque
2024 4205 2109 4267 prae·

1360 4275 1440 4338 dicto
1472 4274 1592 4338 Simoni
1619 4277 1808 4340 Patriarchae
1836 4281 2032 4358 apostolicam
2055 4300 2109 4346 no·

1359 4378 1455 4431 stram
1478 4371 1726 4433 benedictionem
1741 4374 1950 4435 amantissime
1971 4375 2109 4454 imparti-

1360 4478 1444 4538 mur,
1468 4464 1558 4541 eique
1580 4463 1758 4526 facultatem
1780 4464 1962 4542 tribuimuS,
1986 4475 2020 4530 ot
2042 4469 2109 4531 slve

1360 4572 1415 4634 per
1434 4573 1477 4631 se,
1494 4557 1561 4618 sive
1579 4568 1635 4634 per
1656 4557 1753 4620 alium
1775 4559 1936 4638 episcopali
1959 4561 2109 4637 dignitate

1360 4649 1546 4726 fulgentem,
1569 4649 1682 4711 dilecto
1708 4649 1791 4713 clero
1819 4668 1852 4714 ac
1871 4653 1985 4731 populo
2013 4654 2110 4716 Maro-

1360 4749 1511 4820 nitarum,
1534 4759 1706 4821 eorumque
1729 4743 1883 4820 domibus,
1906 4747 1999 4822 agris,
2023 4763 2109 4825 prae·

1359 4837 1417 4898 diis
1438 4848 1469 4899 et
1491 4836 1579 4899 bonis
1600 4837 1850 4916 quibuscumque
1877 4838 2023 4900 sollemni
2045 4841 2109 4904 ritu

1359 4928 1456 4990 semel
1476 4929 1668 5004 benedicere,
1683 4930 1718 4990 iis
1733 4947 1809 4992 vero
1824 4932 1989 5010 utriusque
2002 4949 2106 5009 sexus,

1359 5023 1412 5099 qui
1434 5037 1489 5100 per
1511 5022 1724 5084 Poenitentrae
1750 5035 1980 5086 sacramentum
2001 5043 2017 5084 a
2038 5042 2108 5104 pec·

1358 5115 1431 5174 catis
1452 5115 1566 5193 expiati
1586 5123 1618 5176 et
1642 5115 1831 5176 sanctissima
1854 5117 2045 5180 Eucharistia
2059 5135 2108 5181 re·

1359 5206 1431 5268 lecti
1453 5207 1658 5270 benedictioni
1681 5208 1857 5270 huiusmodi
1870 5220 2044 5287 praesentes
2059 5212 2106 5273 in·

1359 5300 1539 5377 terfuerint,
1562 5302 1731 5378 plenariam
1745 5303 1888 5364 omnium
1909 5311 2105 5380 peccatorum

1358 5411 1487 5457 suorum
1520 5395 1763 5470 indulgentiam,
1791 5397 1898 5458 eadem
1923 5397 2105 5458 auctoritate

1358 5495 1463 5550 nostra
1484 5486 1647 5566 apostolica
1669 5488 1773 5564 largiri
1795 5488 1890 5566 possit
1911 5505 1944 5550 ac
1966 5488 2076 5552 valeat.
