4820 6980
966 587 1163 637 subnotemus
1184 587 1249 636 xlv.

337 700 444 779 quavis
465 701 700 766 nomenclatura
715 720 771 782 pro
785 707 968 770 idiomatum
984 708 1083 769 varie·

338 801 398 856 tate
419 803 609 872 nuncupata,
625 799 657 859 in
672 799 783 877 quibus
797 803 1021 879 cuiuscumque
1034 816 1083 862 re-

338 887 461 964 ligionis
476 896 507 951 et
521 898 621 952 sectae
635 892 790 968 homines,
804 892 941 956 affectata
952 894 1082 972 quadam

337 983 476 1044 contenti
497 983 667 1046 honestatis
688 986 838 1048 naturalis
858 987 975 1065 specie,
999 991 1083 1048 arcto

337 1087 434 1151 aeque
455 1093 487 1138 ac
509 1077 662 1156 impervie
682 1079 818 1155 loedere,
840 1077 1011 1142 secundum
1041 1078 1084 1139 le-

338 1185 391 1247 ges
411 1177 442 1232 et
463 1177 577 1233 statuta
607 1172 665 1233 sibi
686 1172 825 1247 condita,
855 1172 990 1242 invicem
1011 1186 1082 1232 oon-

338 1263 510 1342 soclantur;
532 1279 672 1343 quaeque
685 1265 779 1328 sirnul
801 1265 880 1329 clam
900 1273 1082 1344 operantur,

339 1366 405 1420 tum
434 1360 573 1421 districto
601 1347 800 1422 iureiurando
821 1361 857 1423 ad
880 1376 962 1422 sacra
986 1359 1083 1421 Biblia

340 1451 536 1529 interposito,
559 1460 626 1514 tum
649 1453 792 1529 gravium
820 1467 991 1530 poenarum
1014 1467 1084 1513 exa-

340 1547 511 1624 geratione,
533 1545 705 1609 inviolabili
725 1547 849 1608 silentio
866 1546 1014 1624 obtegere
1034 1547 1083 1608 ad·

339 1640 551 1718 stringuntur.
711 1712 716 1723 ¹

97 1740 323 1842 Blaledenpeasee·
378 1733 545 1809 alterum,
557 1751 627 1797 curn
648 1749 684 1795 ea
704 1735 745 1796 sit
764 1733 889 1796 sceleris
911 1739 1033 1807 natura,
1049 1739 1084 1793 ut

85 1806 138 1895 ῗιῗιι
155 1798 323 1895 ιιῗὲιιιῗιωιῗῖ
340 1843 373 1890 se
394 1828 496 1906 ipsum
517 1829 636 1907 prodat,
652 1835 683 1890 et
697 1827 864 1890 clamorem
885 1825 955 1889 edat
974 1826 1022 1889 sui
1038 1827 1085 1888 iu·

85 1905 208 1949 muana.
340 1921 459 1998 dicem3
483 1921 563 1994 ,binc
592 1921 753 1983 societates
783 1936 838 1982 seu
870 1918 1084 1983 conventicula

340 2014 492 2092 praedicta
512 2013 731 2078 vehementem
747 2014 822 2075 adeo
837 2013 976 2076 bdelium
997 2027 1086 2074 men-

340 2107 422 2169 tibus
442 2106 651 2186 suspicionem
678 2107 950 2184 ingesseramus
976 2106 1085 2168 iisdem

340 2201 611 2277 aggregationibus
630 2215 747 2262 nomen
770 2201 841 2262 dare
856 2200 935 2278 apud
950 2200 1085 2277 pruden-

341 2301 385 2356 tes
407 2302 438 2356 et
460 2293 570 2372 probos
592 2294 674 2355 idem
702 2293 831 2356 omuino
851 2293 902 2368 sit,
926 2309 959 2354 ac
985 2293 1085 2370 pravi·

255 2415 262 2424 ·
341 2387 411 2450 tatis
432 2394 463 2448 et
480 2385 688 2466 perversionis
704 2395 809 2449 notam
831 2387 1010 2463 incurrere;
1026 2385 1086 2448 nisi

340 2481 426 2543 enim
448 2480 528 2542 male
542 2487 686 2556 agerent,
702 2487 787 2542 tanto
807 2493 1002 2558 nequaquam
1018 2478 1086 2541 odio

341 2574 442 2636 lucem
464 2573 623 2635 baberent.
646 2573 703 2647 Qui
719 2573 844 2651 quidem
861 2587 1021 2634 rumores
1036 2587 1086 2632 us·

341 2683 401 2745 que
421 2665 610 2745 percrebuit,
633 2673 668 2726 ut
690 2666 722 2726 ln
743 2665 887 2742 plurimis
906 2662 1086 2741 regionibus

342 2766 530 2821 memoratae
539 2757 699 2820 societates
714 2771 770 2836 per
780 2757 893 2820 saeculi
908 2763 1085 2835 potestates,

252 2843 261 2858 '
343 2861 500 2931 tamquam
519 2866 689 2927 regnorum
704 2851 862 2913 securitati
876 2853 1085 2925 adversantes,

341 2945 529 3023 proscriptae
549 2961 583 3005 ac
603 2944 732 3023 provide
760 2944 938 3006 eliminatae
962 2943 1087 3020 iampri-

341 3039 413 3102 dem
433 3037 606 3099 extiterint.

138 3137 217 3232 anlq
233 3135 324 3181 auam
383 3129 478 3192 >Nos
500 3130 602 3209 itaque
617 3131 720 3192 animo
735 3130 898 3192 volventes
909 3131 1087 3207 gravissima

106 3191 325 3288 ῗῖῗῗῖιῗιιῗιιῗῖ
343 3226 473 3299 damna,
495 3237 574 3303 quae
600 3223 829 3304 utplurimum
850 3239 889 3284 ex
910 3221 1088 3285 huiusmodi

106 3297 254 3394 {1⁸3¹}ssqu
268 3304 325 3351 ‘³¹⁰'
342 3316 538 3379 societatibus
553 3331 608 3377 seu
628 3315 866 3391 conventiculis,
880 3316 997 3378 nedum
1011 3323 1087 3375 tem-

343 3409 455 3489 poralis
486 3408 672 3486 reipublicae
706 3407 942 3487 tranquillitati,
976 3423 1088 3469 verum

343 3503 438 3564 etiam
459 3501 613 3582 spirituali
633 3501 807 3563 animarum
836 3502 927 3563 saluti
949 3501 1088 3564 inierun-

343 3603 407 3670 tur,
422 3603 515 3673 atque
535 3592 648 3656 idcirco
663 3603 732 3657 tum
746 3594 900 3670 civilibus,
916 3603 984 3657 tum
998 3611 1090 3658 cano-

343 3689 421 3751 nicis
441 3687 572 3749 minime
589 3687 753 3749 cohaerere
769 3688 997 3765 sanctionibus;
1016 3704 1088 3751 cum

343 3780 450 3842 diuino
480 3779 603 3857 eloquio
629 3778 812 3854 doceamur,
833 3777 887 3841 diu
912 3786 1087 3857 noctuque,

343 3887 432 3934 more
452 3872 535 3934 servi
557 3871 655 3934 tidelis
675 3880 706 3933 et
727 3871 890 3950 prudentis
916 3871 1089 3934 dominicae

343 3963 477 4025 familiae
490 3962 663 4041 praepositi,
676 3962 868 4040 vigilandum
883 3979 960 4038 esse,
978 3977 1016 4024 ue
1031 3966 1089 4026 bu·

343 4055 478 4118 iusmodi
498 4056 663 4116 bominum
685 4057 905 4132 gennavensi
926 4057 1020 4132 iures,
1037 4058 1090 4119 do-

343 4163 432 4210 mum
453 4148 637 4226 perfodiant,
653 4155 746 4227 atque
767 4150 865 4211 instar
878 4151 1023 4229 vulpium
1043 4151 1089 4211 vi·

344 4255 434 4304 neam
457 4241 600 4304 demoliri
621 4243 775 4318 nitantur,
792 4259 832 4306 ne
854 4244 997 4307 videlicet
1017 4245 1090 4306 sim·

344 4335 471 4413 plicium
498 4333 587 4396 corda
609 4344 804 4413 pervertant,
827 4345 920 4415 atque
945 4338 1089 4402 innoxios

344 4429 491 4504 sagittent
513 4428 545 4489 ln
567 4428 716 4506 occultis,
738 4433 773 4492 ad
796 4431 988 4506 latissimam,
1011 4447 1089 4510 quae

344 4519 560 4600 iniquitatibus
576 4521 704 4600 impone
720 4523 874 4600 patrandis
891 4522 961 4585 inde
976 4525 1088 4602 aperiri

344 4620 457 4693 posset,
479 4614 562 4676 viam
584 4614 817 4691 obstruendam,
834 4616 963 4695 aliisque
983 4617 1022 4680 de
1043 4619 1090 4681 iu·

344 4709 399 4770 stis
430 4725 464 4770 ac
495 4709 729 4773 rationabilibus
756 4710 852 4774 causis
878 4712 967 4774 nobis
993 4712 1088 4787 uotis,

344 4799 466 4864 easdem
486 4803 657 4878 societates,
680 4811 798 4879 coetus,
822 4813 1007 4880 conventus,
1030 4805 1089 4866 col·

344 4893 504 4970 lectiones,
527 4897 774 4973 aggregationes,
796 4914 852 4960 seu
873 4898 1089 4960 conventicula

344 4987 398 5050 De'
412 4985 522 5049 Liberi
541 4987 715 5061 Moratori,
733 5006 787 5052 seu
805 4991 926 5053 l'rortes
948 4989 1088 5061 Maeona,

344 5088 398 5142 aut
419 5080 479 5141 alio
500 5096 698 5160 quocumque
720 5083 849 5144 nomine
870 5082 1029 5161 appellata,
1052 5083 1090 5144 de

345 5173 575 5235 nonnullorum
606 5173 833 5236 venerabilium
869 5174 1001 5236 iratrum
1036 5189 1089 5236 ne

344 5271 483 5327 strorum
505 5265 535 5329 S.
547 5265 583 5326 ll.
595 5265 630 5326 E.
656 5265 865 5330 Cardinallum
893 5266 1035 5342 consilio,
1058 5282 1091 5329 ac

345 5358 439 5420 etiam
461 5365 546 5420 motu
576 5359 713 5438 proprio,
736 5367 766 5420 et
788 5375 825 5420 eu
856 5368 938 5421 certa
962 5359 1090 5423 scientia

345 5465 379 5512 ac
400 5457 520 5513 matura
531 5449 753 5514 deliberatione
766 5452 893 5523 nostris,
908 5451 1007 5530 deque
1021 5467 1092 5528 apo-

345 5541 472 5604 stolieae
497 5543 654 5619 potestatis
683 5544 894 5620 plenitudine,
917 5544 1090 5606 damnanda

346 5642 377 5697 et
402 5635 591 5712 prohibenda
618 5651 683 5697 esse
703 5638 868 5699 statuimus
894 5645 926 5698 et
953 5636 1091 5700 decrevi·

346 5741 428 5802 mus,
451 5735 544 5805 prout
565 5729 719 5806 praesenti
740 5736 844 5791 nostra
868 5737 1018 5808 perpetuo
1040 5745 1092 5790 va-

345 5819 441 5882 litora
472 5821 696 5883 constitutione
723 5822 904 5884 damnamus
932 5829 963 5883 et
989 5821 1092 5901 probi·

346 5912 466 5976 bemus.

1804 570 1861 635 781
1911 571 1965 624 An.
1979 573 2010 626 (l.
2032 573 2099 625 1751

1178 708 1357 784 »Quocirca
1378 709 1522 772 omuibus
1537 714 1568 771 et
1585 708 1716 786 singulis
1732 707 1882 772 Christid-
1945 721 2112 782 nguentum

1139 799 1259 862 delibus
1279 801 1502 880 cuiuscumque
1527 809 1636 876 status,
1663 803 1787 878 gradus,
1809 817 1880 862 con·
1899 772 2113 873 gffp33,tg,?¹¹,f,¹,·

1139 892 1274 967 ditionis,
1290 893 1418 966 ordinis,
1435 893 1594 969 diguitatis
1615 900 1646 954 ot
1666 894 1881 971 praeeminen·
1899 879 1971 978 iffi,
1988 859 2112 987 θῗξέθξξῗ

1139 984 1210 1059 tiae,
1225 984 1294 1047 sive
1315 985 1407 1060 laicis,
1424 986 1491 1047 sive
1512 987 1642 1063 clericis,
1665 995 1728 1050 tam
1748 988 1882 1050 saecula·
1899 966 1994 1086 yffi}
2015 995 2041 1032 ⁵⁰
2063 984 2113 1031 ⁸⁶·

1140 1076 1235 1153 ribus,
1264 1093 1357 1155 quam
1384 1079 1593 1156 regularibus,
1622 1083 1716 1144 etiam
1742 1084 1882 1161 specifica
1996 1071 2001 1082 '

1140 1178 1171 1232 et
1192 1171 1350 1234 individua
1377 1173 1540 1234 mentione
1561 1180 1591 1236 et
1612 1177 1811 1253 expressione
1838 1177 1883 1239 di·

1140 1267 1220 1343 gnis,
1243 1265 1381 1329 districte
1402 1273 1433 1327 et
1454 1266 1487 1327 in
1518 1266 1637 1328 virtuto
1666 1277 1789 1330 sanctae
1813 1270 1885 1332 obe-

1139 1359 1273 1422 dientiae
1303 1359 1517 1438 praecipimus,
1539 1373 1580 1420 ne
1601 1362 1669 1438 quis
1689 1361 1747 1423 sub
1773 1363 1884 1441 quovis

1140 1457 1301 1530 praetentu
1322 1459 1375 1514 aut
1403 1451 1541 1532 quaesito
1567 1453 1670 1516 colore
1690 1455 1811 1530 audeat,
1833 1456 1884 1519 vol

1140 1553 1314 1624 praesumat
1339 1546 1508 1624 praedictas
1527 1547 1686 1610 societates
1707 1548 1761 1610 lie'
1777 1548 1884 1614 Liberi

1141 1637 1395 1708 duritatem
1424 1639 1545 1702 Frortcr
1568 1642 1713 1714 Maeona,
1740 1651 1792 1705 aut
1813 1643 1884 1707 alias

1141 1737 1342 1809 nuncupatas,
1358 1730 1439 1795 inire
1452 1733 1502 1796 vel
1513 1749 1694 1813 propagare,
1706 1737 1883 1813 contovere,

1141 1839 1174 1885 ac
1194 1824 1228 1884 in
1250 1825 1313 1885 suis
1334 1824 1470 1901 aedibus,
1492 1841 1547 1888 seu
1569 1829 1723 1904 domibus,
1746 1830 1796 1892 vel
1813 1821 1885 1893 alibi

1141 1925 1298 1994 receptare
1317 1927 1410 1996 atque
1431 1919 1593 1994 occultare,
1616 1921 1651 1982 ils
1672 1923 1811 1999 adscribi,
1834 1940 1885 2001 ag-

1141 2010 1276 2087 gregari,
1298 2018 1350 2074 aut
1371 2011 1532 2088 interesse,
1555 2013 1605 2074 vel
1617 2023 1808 2092 potestatem
1829 2033 1884 2081 seu

1141 2103 1394 2166 commoditatem
1409 2105 1519 2180 lacere,
1532 2113 1568 2168 ut
1582 2105 1691 2170 alicubi
1712 2125 1885 2174 convocen-

1143 2205 1206 2274 tur,
1229 2198 1338 2260 iisdem
1365 2199 1480 2280 aliquid
1509 2203 1704 2280 ministrare,
1726 2207 1793 2268 sive
1812 2207 1885 2270 allas

1143 2291 1320 2367 consilium,
1349 2292 1513 2370 auxilium,
1535 2295 1586 2356 vel
1607 2295 1745 2360 favorem
1772 2300 1883 2378 palam,

1142 2392 1195 2448 aut
1215 2385 1247 2446 in
1270 2386 1404 2462 occulto,
1427 2387 1542 2450 directe
1570 2389 1620 2450 vel
1642 2389 1808 2466 indirecte,
1832 2409 1887 2472 per

1142 2493 1175 2540 se
1196 2479 1246 2540 vel
1270 2493 1327 2556 per
1346 2479 1421 2542 alios
1448 2497 1573 2560 quoquo
1601 2483 1692 2545 modo
1717 2493 1884 2563 praestare,

1144 2587 1265 2645 osorton
1287 2570 1361 2634 alios
1382 2573 1512 2649 hortari,
1532 2575 1690 2651 inducere,
1705 2593 1884 2656 provocare,

1143 2671 1196 2726 aut
1216 2664 1355 2740 suadere,
1373 2673 1407 2727 ut
1427 2667 1606 2730 huiusmodi
1626 2671 1821 2734 societatibus
1836 2675 1887 2736 ad·

1142 2756 1329 2832 scribantur,
1358 2769 1620 2838 annumerentur,
1641 2779 1697 2826 seu
1727 2765 1884 2842 intersint,

1144 2849 1194 2911 vel
1215 2849 1293 2928 ipsas
1315 2852 1545 2928 quomodolibet
1563 2855 1672 2918 iuvent
1693 2873 1727 2918 ac
1747 2857 1884 2936 loveant3
1935 2885 1940 2892 ·

1142 2945 1195 3006 sed
1216 2943 1346 3005 omnino
1368 2946 1405 3005 ab
1434 2944 1542 3008 iisderu
1563 2948 1770 3026 societatibus,
1793 2953 1886 3015 coeti·
1917 2965 1970 3013 sub
1985 2975 2117 3026 poeuaer·

1143 3035 1211 3111 bus,
1233 3037 1451 3112 conventibus,
1473 3039 1718 3118 collectionibus,
1741 3059 1886 3122 aggrega·
1904 3021 2117 3120 fflfflfflffssj

1143 3129 1289 3205 tionibus,
1297 3143 1352 3191 seu
1364 3131 1590 3194 conventiculis
1598 3148 1723 3211 prorsus
1732 3136 1887 3200 abstinere
1903 3127 2117 3174 1⁰¹²l³³⁰⁵¹¹¹¹²¹¹¹⁰

1903 3181 2021 3227 Pontitlcl
2036 3189 2118 3227 serve·

1143 3238 1175 3284 se
1197 3223 1339 3298 debeant,
1358 3222 1417 3285 sub
1437 3235 1535 3301 poena
1557 3229 1887 3293 excommunicationis
1904 3235 1953 3278 2²0·

1144 3331 1237 3394 pero
1330 3363 1338 3390 ,
1361 3323 1521 3396 utsupra,
1542 3318 1798 3382 contrafacientes
1822 3323 1887 3401 ipso

1143 3408 1222 3471 lacto
1239 3329 1358 3487 goffia
1378 3409 1441 3472 ulla
1461 3411 1667 3474 declaratione
1688 3413 1886 3493 incurrendo,

1144 3518 1233 3581 aqua
1254 3515 1359 3576 nemo,
1376 3517 1432 3580 per
1453 3517 1652 3581 quemquam,
1675 3506 1735 3568 nisi
1757 3521 1811 3584 per
1833 3524 1889 3570 nos

1143 3611 1198 3657 seu
1209 3595 1385 3656 Romanum
1407 3595 1589 3660 Pontificem
1603 3612 1660 3674 pro
1675 3607 1814 3678 tempore
1825 3600 1890 3662 eri·

1143 3694 1295 3764 stentem,
1322 3697 1540 3768 praeterquam
1562 3689 1595 3751 ln
1623 3691 1752 3754 articulo
1780 3693 1889 3755 mortis

1121 3773 1342 3856 'constitutus
1365 3780 1566 3843 absolutionis
1587 3782 1772 3847 beneficium
1789 3786 1889 3847 valeat

1144 3873 1296 3936 obtinere.

1184 3985 1202 4026 s
1225 3965 1380 4028 Volumus
1407 3966 1536 4045 insuper
1564 3975 1595 4031 et
1623 3970 1821 4046 mandamus,
1855 3978 1889 4033 ut
1920 3988 2120 4052 compransor-

1144 4067 1206 4122 tam
1228 4059 1368 4138 Episcopi
1384 4067 1414 4120 et
1430 4059 1559 4123 Praelatl
1573 4064 1758 4142 superiores,
1774 4065 1888 4143 aliique
1907 4042 2121 4153 ξζῖξῖῧᾍῶζξὲἶ

1144 4153 1297 4214 Locorum
1320 4151 1489 4227 Ordiuarii,
1512 4169 1605 4232 quam
1630 4155 1801 4218 baereticae
1821 4173 1889 4236 pra·
1906 4150 2120 4248 mbr-¹³3⁰&

1145 4246 1249 4307 vitatis
1271 4245 1388 4322 ubique
1410 4244 1548 4308 locorum
1570 4248 1707 4326 deputati
1728 4249 1890 4328 inquisito·
1907 4235 2052 4302 rattruut.
2072 4257 2118 4300 are.

1145 4354 1205 4415 res,
1227 4341 1375 4402 adversus
1396 4347 1650 4416 transgressores,
1667 4341 1891 4421 cuiuscumque

1144 4432 1207 4492 sint
1227 4437 1342 4505 statos,
1365 4432 1495 4506 gradm,
1522 4431 1727 4508 conditionis,
1753 4435 1888 4510 ordinis,

1145 4524 1315 4600 diguitatis,
1329 4522 1379 4585 rel
1392 4524 1665 4601 praeeminentiae,
1679 4527 1845 4605 procedant
1860 4535 1891 4591 et

1146 4617 1315 4694 inquirant,
1325 4632 1438 4694 eosque
1450 4626 1608 4694 tamquam
1620 4617 1657 4680 de
1668 4618 1785 4680 baeresi
1797 4620 1889 4681 velte-

1146 4719 1269 4772 menter
1285 4719 1440 4787 suspectos
1458 4711 1622 4788 condignis
1637 4711 1744 4790 poenis
1758 4713 1891 4790 puniant

1146 4813 1237 4882 atque
1259 4809 1435 4879 coerceant3
1458 4804 1496 4864 iis
1517 4805 1604 4865 enim
1623 4812 1654 4865 et
1676 4817 1782 4866 eorum
1803 4805 1891 4867 cuili-

1148 4899 1209 4971 bet,
1219 4904 1324 4959 contra
1335 4895 1458 4958 eosdem
1472 4905 1712 4974 transgressores
1723 4897 1890 4975 proceden-

1147 4987 1175 5049 di
1197 4995 1228 5050 et
1248 4989 1439 5066 inquirendi,
1455 5007 1489 5051 ac
1506 4990 1670 5067 condignis
1683 4991 1792 5069 poenis
1805 5007 1890 5054 coer·

1147 5079 1281 5142 condiet
1296 5080 1614 5158 puniendi,invocate
1630 5082 1768 5144 etiamad
1785 5086 1853 5158 boo,
1865 5084 1891 5146 si

1148 5189 1221 5252 opus
1243 5173 1348 5247 luerit,
1365 5174 1479 5236 braobii
1494 5175 1659 5237 saecularis
1673 5176 1800 5252 auxilio,
1817 5176 1891 5239 libe·

1147 5281 1213 5327 ram
1234 5265 1410 5329 iacultatem
1432 5267 1600 5330 tribuimus
1621 5275 1653 5329 et
1678 5269 1888 5347 impertimur.

1185 5357 1369 5421 »Volumus
1384 5365 1501 5435 autem,
1518 5361 1599 5438 quod
1614 5363 1795 5424 earumdem
1807 5377 1892 5441 prae-

1147 5451 1283 5513 sentium
1300 5453 1513 5530 transumptis,
1530 5453 1625 5514 etlam
1647 5455 1815 5531 impressis,
1828 5469 1894 5514 ma-

1147 5559 1189 5606 nu
1212 5543 1341 5606 alicuius
1368 5545 1481 5605 notarii
1504 5545 1617 5622 publici
1639 5546 1835 5625 subscriptis,
1860 5555 1892 5608 et

1147 5636 1249 5712 sigillo
1277 5651 1426 5714 personae
1450 5637 1485 5696 in
1512 5636 1665 5713 dignitate
1690 5638 1891 5702 ecclesiastica

1148 5729 1332 5791 constitutae
1344 5728 1485 5804 munitis,
1498 5731 1605 5792 eadem
1618 5731 1691 5794 ddes
1703 5747 1828 5810 prorsus
1842 5733 1892 5794 ad·

1147 5821 1300 5896 bibeatur,
1317 5835 1394 5898 quae
1416 5822 1489 5898 ipsis
1504 5821 1707 5898 originalibus
1729 5825 1828 5887 literis
1842 5823 1892 5886 ad·

1148 5913 1319 5994 biberetur,
1335 5914 1361 5975 si
1381 5915 1486 5978 lorent
1502 5914 1658 5980 exhibitae
1672 5916 1724 5978 vel
1737 5927 1888 5983 ostensae.
