4838 6982
368 525 424 581 An.
437 528 468 580 O.
489 525 558 578 1755
606 527 667 592 594

588 665 653 728 uim
674 665 913 744 deducerentur,
936 668 1202 732 canonizationem
1228 667 1332 748 spien-

587 759 654 822 dori
675 761 845 838 plurimum
867 769 990 839 possent
1011 762 1183 825 detrahere.

371 853 568 909 nararumauoa
628 854 717 930 §Ed
751 856 893 919 Tertium
924 858 1058 936 denique
1088 855 1330 918 laudamentum

357 906 513 952 inhismart.
524 915 569 952 nec
672 948 677 958 ,
757 949 762 960 ,
899 949 905 961 ,

356 959 568 1016 aureolaspraaa.
586 954 734 1010 statuitur
755 965 788 1010 m
809 950 960 1025 doctrina,
973 966 1064 1028 quam
1081 967 1152 1012 cum
1165 951 1196 1015 S.
1215 951 1331 1012 Thema

356 1014 570 1113 ifssaffipifflg
588 1042 713 1103 tradunt
734 1042 845 1104 caeteri
867 1059 989 1120 quoque
1005 1043 1152 1120 theologi,
1166 1043 1330 1119 nimirum,

356 1121 491 1220 ffiffli
511 1131 568 1177 ¹³⁰⁸·
588 1134 620 1197 in
643 1136 780 1213 paradiso
799 1137 986 1214 martyribus
1000 1136 1208 1214 essegloriam
1230 1151 1332 1198 essen·

588 1227 704 1302 tialem,
728 1244 806 1306 quae
827 1229 940 1292 dicitur
960 1246 1061 1292 aurea
1087 1245 1170 1307 esse3
1193 1236 1224 1290 et
1245 1243 1331 1308 prae·

586 1327 670 1383 terea
691 1322 792 1384 eidem
813 1324 997 1398 adiunctam,
1013 1324 1079 1386 sive
1100 1322 1330 1398 accidentalem,

587 1415 736 1492 gloriam,
770 1433 847 1497 quae
877 1419 1009 1481 aureola
1030 1417 1218 1495 appellatur,
1240 1416 1331 1478 silam

587 1510 619 1571 in
642 1512 775 1588 quodam
787 1511 909 1587 gaudio,
921 1527 983 1590 quo
998 1511 1243 1599 perfunduntur,
1257 1511 1331 1571 dum

586 1605 690 1666 animo
710 1605 906 1682 conspiciunt
931 1612 1049 1684 partam
1069 1605 1128 1666 sihi
1149 1620 1187 1665 en
1214 1604 1331 1693 mundo

587 1698 760 1773 uictoriam,
777 1715 859 1774 cum,
876 1715 931 1777 pro
947 1698 1069 1761 Christo
1084 1705 1270 1777 pugnantes,
1285 1696 1332 1757 ul-

588 1799 636 1853 tro
666 1801 799 1854 mortem
827 1808 882 1870 pro
914 1792 979 1870 ipso
1011 1791 1216 1870 appetierint3
1244 1791 1331 1853 cuius

588 1885 713 1964 quidem
734 1886 877 1948 aureolae
897 1902 960 1948 non
972 1901 1068 1965 aeque
1084 1884 1245 1964 participes
1259 1891 1331 1945 sunt

588 1979 689 2057 pueri,
711 1981 763 2060 qai
785 1997 854 2042 cuna
878 1991 1029 2060 martyres
1050 1980 1179 2055 luerint,
1204 1978 1267 2039 solo
1291 1983 1332 2038 te·

588 2089 659 2136 men
682 2090 769 2152 opere
790 2074 930 2150 iuuerunt,
946 2091 1007 2138 non
1031 2073 1215 2136 uoluntate.-
1239 2074 1331 2136 iaaa-

588 2175 691 2229 ccatcc
711 2168 799 2230 sicat
820 2184 883 2230 aera
897 2170 1091 2248 pertingant
1103 2167 1144 2229 ad
1159 2168 1331 2248 perfectam

588 2263 746 2324 ratione-m
768 2263 934 2340 martyrii,
958 2263 1010 2324 secl
1032 2260 1161 2338 aliqaod
1176 2261 1331 2336 raartqrii

588 2353 706 2418 habent
728 2373 767 2418 ca
789 2355 856 2428 hac,
873 2357 953 2434 qood
968 2357 1143 2433 passisaat
1165 2369 1223 2432 pro
1241 2353 1333 2416 Chri-

587 2457 655 2511 sto:
677 2453 726 2512 ila
748 2443 847 2514 etiam
869 2449 1042 2520 aureolam,
1061 2465 1125 2510 aaa
1146 2447 1272 2527 qnidam
1286 2463 1332 2507 sc·

587 2545 729 2606 candum
750 2546 925 2625 perfectam
951 2543 1125 2615 raticaero,
1147 2541 1199 2602 sed
1221 2555 1333 2601 secan·

588 2637 663 2698 daos
685 2636 826 2715 aliquam
848 2637 1152 2715 parochitanam,-
1177 2637 1212 2697 in
1233 2650 1331 2712 qaan-

589 2738 658 2793 tuaa
685 2731 809 2792 scilicet
840 2731 999 2810 qaadcat,
1023 2746 1055 2790 sc
1084 2729 1119 2790 ia
1150 2725 1332 2806 obsequiosa

591 2824 715 2886 Christi
748 2825 864 2887 accisas
894 2841 974 2897 essc,·
1006 2831 1043 2886 at
1072 2823 1195 2884 dictam
1221 2827 1267 2883 eat
1296 2819 1332 2882 da

588 2917 697 2994 pateris
720 2915 908 2995 baptizatio,
924 2916 1004 2993 qood
1027 2913 1187 2980 habebant
1201 2913 1332 2991 aliquod

587 3011 746 3091 qaadiora
774 3011 810 3072 dc
838 3011 1033 3083 irrataceatia,
1058 3018 1087 3072 at
1116 3009 1225 3073 carnis
1252 3010 1332 3070 iate·

588 3105 720 3187 qritatc.
745 3105 826 3168 Sunt
846 3106 920 3168 haec
943 3105 973 3170 S.
991 3105 1126 3166 Thomae
1147 3103 1240 3165 verba
1262 3101 1331 3165 ind

587 3205 681 3272 seat,
696 3199 771 3260 dist.
784 3198 840 3270 49,
859 3198 1104 3278 occaecabat.
1122 3199 1155 3268 3,
1172 3203 1292 3274 quaest.
1309 3196 1333 3254 2

588 3291 629 3354 ad
642 3291 872 3354 duodecimam.
890 3291 934 3354 hd
950 3292 1024 3352 haec
1039 3299 1143 3353 autam
1156 3289 1259 3354 Sancti
1274 3290 1334 3352 Do-

587 3385 678 3448 ctoris
699 3386 789 3448 verba
811 3386 855 3447 sic
875 3385 978 3464 pergit
1001 3384 1170 3447 cardinalis
1192 3384 1334 3464 Capisuc·

480 3517 484 3530 ι
588 3479 675 3541 chius
695 3480 831 3556 praecii.
849 3479 925 3551 loco,
942 3479 1027 3557 526.-
1047 3480 1124 3542 Gum
1139 3479 1273 3542 aureola
1287 3478 1332 3540 sit

586 3573 797 3648 praemissao
813 3571 874 3633 Deo
891 3569 991 3636 beatis
1006 3589 1186 3634 concessam
1201 3571 1332 3634 intuito

588 3666 787 3745 eqraqioram
809 3681 946 3744 operata,
972 3683 1052 3744 qaae
1067 3667 1129 3744 ipsi
1144 3682 1203 3744 pro
1218 3664 1281 3727 Dea
1298 3667 1332 3727 in

590 3762 687 3821 terris
700 3765 891 3838 patrarant,
905 3777 942 3824 ac
952 3760 1087 3838 proinde
1096 3763 1140 3822 sit
1151 3760 1332 3838 procaciam

588 3853 777 3931 respondeas
800 3851 963 3931 apertura,-
986 3854 1112 3915 aoidcns
1127 3860 1185 3926 cst,
1199 3854 1333 3917 Sanctae

588 3947 773 4008 Ioaoccatcs
794 3953 825 4006 et
848 3947 928 4012 alios
948 3946 1101 4025 parvulos
1121 3963 1179 4026 pro
1204 3945 1333 4010 Christo

587 4043 663 4102 anta
685 4057 779 4102 asara
802 4041 943 4103 rationis
965 4041 1092 4112 occisos,
1116 4041 1248 4104 aureola
1270 4057 1333 4102 aaa

587 4133 727 4210 qaaaara
746 4133 912 4210 raartqrii.
933 4135 1012 4197 Cum
1034 4150 1108 4195 vero
1131 4133 1274 4208 inientes,
1297 4134 1333 4194 li·

588 4235 636 4288 cet
657 4235 821 4305 martyres,
834 4227 873 4288 ob
893 4243 964 4288 mox
985 4242 1151 4307 expensam
1168 4227 1331 4302 rationem,

588 4321 710 4382 aureole
733 4336 795 4383 non
813 4323 965 4398 gaudeant
976 4321 1127 4398 martyrii,
1141 4321 1253 4382 assumi
1270 4321 1299 4382 id
1317 4337 1333 4380 a

588 4415 731 4493 quopiam
743 4415 870 4476 fortasse
885 4415 1011 4493 poterit,
1021 4421 1055 4476 ut
1066 4422 1201 4488 tueatur,
1213 4415 1238 4474 si
1256 4415 1290 4476 iis
1300 4414 1332 4475 in

589 4507 734 4568 militanti
753 4507 885 4569 Ecclesia
904 4507 1134 4568 beatificationis
1148 4507 1250 4569 cultus
1268 4517 1334 4585 pot-

589 4607 636 4662 est
647 4609 835 4678 competere,
845 4601 923 4661 haud
936 4609 1039 4662 tamen
1051 4615 1235 4676 congruere,
1248 4609 1282 4662 ut
1293 4601 1335 4662 al·
1360 4644 1362 4655 .

590 4701 636 4755 ter
650 4694 892 4757 canonizationis
913 4694 1014 4755 cultus
1035 4694 1144 4755 iisdem
1162 4694 1332 4772 tribuatur3
1360 4668 1362 4731 ¹

589 4787 839 4865 quandoquidem
864 4787 950 4848 inter
971 4787 1209 4848 canonizationis
1231 4789 1333 4849 decer-

590 4879 706 4942 nendas
727 4896 830 4941 causas
852 4887 883 4942 et
904 4880 953 4941 illa
976 4889 1167 4955 recensetur,
1191 4888 1224 4942 ut
1246 4896 1334 4943 cano-

590 4975 686 5037 nizati
706 4982 791 5051 gesta
813 4975 958 5036 omnihus
978 4990 1033 5052 per
1054 4974 1162 5036 orbem
1178 4975 1334 5037 catholicis

590 5070 622 5134 iu
644 5069 1064 5148 exemplumproponantur:
1090 5068 1266 5129 huiusmodi
1281 5087 1334 5131 au·

591 5173 655 5226 tem
677 5179 726 5225 res
748 5170 851 5238 gestae
873 5163 904 5223 in
929 5163 1030 5240 pueris
1053 5177 1108 5240 pro
1135 5161 1257 5224 Christo
1280 5180 1335 5225 ne·

590 5258 663 5319 catis
685 5257 910 5318 desiderantur.

405 5368 454 5410 cur
472 5365 572 5422 posna-
630 5350 648 5423 ἓ
669 5349 719 5411 27.
744 5349 782 5410 Et
804 5351 945 5428 quamuis
966 5351 1153 5426 respondere
1173 5352 1334 5430 quisquam

307 5465 310 5471 ·
360 5417 573 5518 ffgfflqgffssdlssss
592 5443 701 5517 valeat,
715 5443 844 5504 nimiam
860 5444 960 5504 inesse
975 5444 1038 5502 vim
1055 5453 1333 5520 argumento,cum

361 5525 504 5625 lomim
521 5536 572 5572 '¹⁰¹¹
591 5536 659 5599 inde
691 5539 910 5611 concludatur,
933 5555 973 5600 ne
994 5538 1245 5601 bethleemiticos
1266 5540 1334 5617 qui-

591 5631 661 5692 dem
683 5631 814 5694 inientes
835 5633 988 5694 honorem
1009 5633 1251 5695 canonizationis
1266 5649 1336 5712 pro-

591 5727 733 5800 meritos,
757 5743 828 5788 cum
851 5742 908 5790 nec
929 5727 986 5805 ipsi
1010 5729 1149 5804 martyrii
1179 5728 1333 5789 aureolam

590 5819 653 5880 sint
681 5822 853 5898 consecuti3
887 5821 1010 5882 videtur
1043 5828 1145 5882 tamen
1177 5822 1335 5900 responsio

591 5913 677 6004 omni
697 5913 790 5991 plane
812 5915 920 5976 robore
935 5913 1091 5988 destituta,
1104 5914 1128 5974 si
1150 5915 1271 5975 animus
1286 5915 1337 5976 ad-

1109 551 1174 596 ltin.
1199 549 1289 596 honr.
1312 548 1354 593 DE
1376 549 1404 594 1¹.
1428 551 1456 595 Ε.
1481 549 1563 596 PARS
1585 551 1605 596 l.

2165 525 2216 585 Aa,
2230 539 2258 588 o.
2277 538 2334 595 1755

1388 676 1529 730 vertatur
1543 671 1577 733 ad
1593 685 1661 731 eam
1677 668 1747 734 iacti
1759 671 1904 750 speciem,
1921 671 1953 733 in
1968 687 2026 750 qua
2041 671 2136 732 Beth-

1388 762 1548 825 leemiticis
1571 763 1740 827 infantibus
1761 765 1825 826 vita
1846 767 1986 842 adempta
2005 764 2075 838 init,
2092 770 2138 824 at·

1387 871 1446 933 que
1459 855 1493 916 ad
1507 858 1750 919 uetustissimam
1763 867 2019 938 constantemque
2030 859 2137 920 ohser-

1388 951 1525 1013 uantiam
1548 952 1710 1026 Ecclesiae,
1734 969 1812 1033 quae
1834 953 1959 1014 eosdem
1976 960 2137 1030 tamquam

1389 1051 1539 1121 martyres
1550 1061 1674 1126 semper
1689 1053 1733 1106 est
1750 1053 1907 1108 venerata.
1932 1046 1969 1106 Et
1985 1045 2135 1124 proiecto,

1388 1137 1501 1216 absque
1522 1153 1558 1199 eo
1579 1138 1659 1216 quod
1689 1155 1813 1201 necesse
1834 1140 1874 1200 sit
1895 1139 2039 1217 amplecti
2068 1139 2138 1217 opi-

1388 1229 1517 1292 nionem
1539 1229 1712 1306 armacani,
1736 1233 1924 1310 martyrium
1946 1231 2137 1294 Bethleemi-

1389 1323 1520 1385 ticorum
1542 1319 1708 1386 infantium
1721 1325 1756 1386 ad
1778 1324 1858 1386 solos
1879 1325 2138 1388 circumcisosco-

1388 1415 1537 1493 bibentis3
1561 1418 1642 1496 quod
1665 1435 1679 1478 a
1701 1418 1829 1480 caeteris
1851 1419 2061 1480 communiter
2083 1434 2139 1480 eu·

1388 1508 1534 1588 ploditur,
1558 1511 1604 1571 uti
1626 1510 1731 1574 ridere
1752 1520 1798 1574 est
1818 1513 1897 1590 apud
1913 1511 2086 1574 Valentiam
2103 1513 2137 1573 in

1387 1618 1442 1664 suo
1464 1603 1578 1665 celebri
1600 1609 1730 1666 tractatu
1753 1605 1788 1666 de
1810 1605 1903 1669 retas
1923 1605 2005 1684 qtdei,
2024 1621 2094 1684 cap.
2113 1605 2138 1668 4

1388 1695 1424 1756 dc
1453 1697 1618 1774 Baptismo
1641 1697 1867 1771 Paraalorana,
1894 1703 1912 1776 ,ς
1934 1700 2037 1777 Atque
2057 1699 2139 1771 hac,-

1388 1790 1563 1868 reiectaque
1584 1792 1678 1852 etiam
1699 1793 1842 1869 superius
1864 1793 1964 1868 allata,
1983 1793 2138 1872 improba-

1389 1890 1479 1961 taque
1500 1885 1655 1946 sententia
1676 1885 1826 1960 aliorum,
1848 1887 1902 1964 qui
1922 1886 2039 1964 opinati
2059 1893 2139 1948 sunt

1387 1977 1590 2038 acceleratum
1604 1979 1700 2040 fuisse
1712 1979 1953 2041 Bethleemiticis
1967 1979 2139 2042 infantibus

1387 2069 1515 2130 rationis
1537 2085 1648 2146 usum3
1671 2070 1750 2150 quod
1777 2080 1882 2150 aperte
1903 2073 2097 2152 improbatur
2121 2089 2138 2132 a

1389 2162 1423 2222 b.
1440 2163 1557 2224 Thema
1579 2163 1654 2236 2-2,
1673 2163 1963 2242 qaaest.124,art.
1979 2167 1997 2226 1
2014 2167 2055 2230 ad
2067 2165 2139 2244 pri-

1388 2272 1494 2328 raara,·
1526 2257 1665 2336 replicari
1698 2273 1786 2338 posse
1814 2261 1949 2336 videtur,
1982 2269 2138 2340 martyres

1388 2365 1455 2410 esse
1476 2349 1726 2414 Bethleemiticos
1747 2351 1891 2427 inientes,
1907 2361 1938 2416 et
1953 2354 2066 2416 horum
2089 2355 2139 2415 in·

1387 2452 1450 2505 star
1472 2450 1625 2522 martyres
1646 2461 1711 2506 csse
1732 2454 1866 2509 caeteros
1888 2447 1994 2522 etiam,
2011 2448 2064 2527 qui
2082 2463 2139 2509 an·

1389 2544 1514 2616 tequam
1537 2539 1572 2599 iis
1593 2537 1738 2615 affulgeat
1759 2541 1850 2615 ratio,
1866 2556 1922 2619 pro
1944 2541 2066 2603 Christo
2089 2541 2138 2601 in-

1388 2638 1535 2707 tereunt;
1558 2641 1588 2692 at
1609 2647 1680 2693 cum
1703 2631 1763 2693 illis
1784 2631 1885 2696 faueat
1900 2649 2068 2696 consensus
2090 2642 2139 2695 at-

1388 2743 1449 2804 que
1471 2725 1608 2788 doctrina
1630 2736 1753 2805 patrum
1773 2737 1805 2791 et
1820 2736 1968 2808 perpetua
1982 2730 2138 2792 Ecclesiae

1390 2821 1523 2895 traditio,
1539 2820 1585 2880 his
1607 2835 1682 2882 uero
1698 2821 1771 2908 sola,
1787 2822 1859 2885 licet
1874 2823 2055 2902 ceteroquin
2067 2839 2137 2902 spe·

1388 2913 1517 2988 ctahilis,
1541 2913 1759 2990 theologorum
1779 2916 1896 2993 opinio,
1912 2917 1992 2990 haud
2015 2918 2138 2980 mirum

1389 3007 1488 3068 videri
1509 3005 1632 3083 dehere,
1648 3008 1674 3068 si
1688 3008 1796 3086 primis
1811 3007 1926 3088 aliquid
1941 3010 2073 3088 amplius
2085 3028 2136 3072 su·

1387 3113 1441 3178 pra
1462 3101 1615 3162 secundos
1636 3101 1801 3164 tribuatur.
1825 3101 1974 3165 Videatur
1995 3103 2138 3182 llasquez

1388 3193 1424 3254 ia
1436 3196 1456 3254 3
1467 3198 1554 3270 part.
1570 3193 1608 3254 D.
1626 3192 1769 3266 Thorace,
1783 3200 1858 3255 torn.
1869 3195 1903 3266 2,
1916 3195 2038 3272 disput.
2055 3196 2136 3268 153,

1388 3292 1510 3366 quaest.
1533 3287 1591 3358 68,
1608 3303 1676 3365 cap.
1694 3283 1726 3361 7,
1752 3289 1815 3363 uhi,
1845 3297 2007 3368 postquam
2031 3291 2139 3352 sirma-

1389 3390 1486 3456 uerat,
1509 3382 1759 3444 Bethleemitioos
1780 3399 1846 3444 esse
1867 3399 1942 3445 uere
1968 3391 2135 3461 martyres,

1388 3483 1419 3536 et
1440 3482 1591 3554 martyres
1605 3491 1728 3554 quoque
1742 3491 1807 3538 esse
1823 3485 1940 3538 ceteros
1955 3491 2067 3554 pueros
2077 3493 2138 3555 pro

1388 3569 1511 3632 Christo
1534 3570 1658 3644 occisos,
1680 3570 1721 3631 ita
1743 3568 1860 3642 subdit:
1885 3569 1998 3640 Porro,
2025 3584 2139 3647 qaam-

1388 3664 1435 3722 ais
1458 3679 1521 3723 aaa
1554 3671 1620 3725 tara
1648 3670 1773 3724 certam
1794 3664 1855 3734 sit,
1879 3663 1959 3740 qaod
1989 3662 2137 3725 discimus

1389 3755 1425 3816 da
1446 3755 1523 3819 aliis
1554 3754 1741 3837 iasoaatihas
1762 3771 1835 3834 pra.
1851 3756 1980 3818 Christo
2003 3757 2135 3830 accisis,

1389 3865 1484 3926 quana
1506 3850 1543 3910 de
1564 3849 1643 3921 illis,
1670 3852 1725 3927 qai
1749 3849 1808 3911 hac
1830 3849 1865 3911 de
1895 3867 1993 3911 caasa
2015 3847 2055 3912 ab
2078 3852 2138 3913 He-

1390 3941 1464 4003 rode
1484 3943 1651 4022 interiecti
1666 3947 1757 4016 sanat,
1774 3943 1863 4021 qaia,
1878 3958 1936 4020 pro
1951 3943 2136 4022 interfectis

1390 4033 1429 4098 ab
1451 4035 1583 4106 Herode,
1606 4033 1767 4097 Ecclesiae
1790 4035 1997 4099 traditionem
2023 4044 2053 4097 ct
2075 4034 2136 4096 Do-

1390 4133 1531 4193 ctriaam
1553 4130 1694 4193 Patrona
1714 4133 1888 4210 pleniorem
1907 4132 2072 4206 hahemus·
2086 4133 2137 4194 ai-

1390 4223 1565 4286 hilaaaiaas
1588 4223 1813 4289 iadahiiatam
1834 4227 1922 4304 apati
1937 4243 1992 4288 aas
2007 4243 2070 4288 esse
2085 4225 2137 4289 dc·

1391 4317 1440 4380 bct
1461 4317 1511 4398 (id
1534 4325 1637 4380 tamen
1660 4320 1700 4381 ita
1729 4329 1850 4381 certum
1882 4320 2078 4396 habendum,
2101 4329 2136 4382 ut

1390 4412 1449 4472 nisi
1471 4411 1646 4473 definitioni
1671 4412 1841 4489 Ecclesiae,
1865 4414 2024 4474 communi
2051 4421 2136 4477 certe
2231 4417 2235 4428 '

1389 4504 1515 4582 quidem
1545 4505 1762 4582 theologorum
1790 4506 1929 4584 opinioni
1960 4507 2135 4584 innitatur)

1390 4597 1527 4660 camdem
1558 4599 1718 4660 rationem
1746 4615 1811 4660 esse
1836 4599 1873 4661 de
1898 4598 2057 4671 omnihus,
2080 4599 2136 4678 qai

1389 4699 1458 4768 post
1481 4692 1654 4755 adventura
1679 4693 1804 4755 Christi
1814 4701 1944 4771 propter
1965 4695 2071 4771 ipsarn
2087 4711 2135 4754 oc-

1390 4786 1450 4846 cisi
1469 4791 1560 4847 saal.

1430 4881 1448 4954 5
1469 4880 1518 4942 28.
1544 4881 1650 4959 quue
1672 4881 1780 4958 magis,
1793 4881 1861 4960 quia
1879 4897 1957 4959 quae
1972 4897 2135 4960 nunopro·
2187 4903 2258 4951 ,quq
2272 4901 2337 4947 „qq

1391 4975 1518 5053 ponitur
1539 4975 1688 5054 quaestio,
1712 4992 1775 5038 non
1798 4993 1832 5038 ea
1854 4985 1910 5052 est,
1933 4977 1958 5038 si
1981 4991 2030 5037 res
2052 4985 2136 5040 recte
2154 4970 2211 5005 ”²⁰¹¹
2227 4958 2336 5016 ‘'mmm‘'
2380 4975 2381 5044 i

1391 5071 1594 5147 expendatur,
1610 5086 1648 5131 an
1663 5071 1752 5147 pueri
1767 5077 1834 5148 post
1850 5071 2010 5134 Christum
2026 5078 2135 5131 natum

1390 5163 1427 5224 ab
1448 5161 1516 5223 eius
1531 5161 1671 5225 hostibus
1686 5164 1864 5242 interempti
1879 5164 2055 5226 canonizari
2069 5180 2137 5242 pos-

1390 5256 1468 5332 sint;
1490 5271 1614 5330 uerum,
1632 5271 1669 5317 an
1692 5256 1721 5318 id
1744 5257 1812 5318 steri
1833 5257 1990 5336 expediat:
2016 5258 2062 5319 his
2083 5273 2135 5321 au·

1392 5358 1453 5410 tem
1489 5349 1630 5410 terminis
1661 5349 1804 5411 conclusa
1838 5351 2037 5428 quaestione,
2070 5368 2135 5413 non

1391 5457 1578 5520 magnopere
1603 5442 1855 5518 adlaborandum,
1882 5453 1916 5506 ut
1941 5444 2136 5521 intelligatur

1390 5546 1542 5615 quantum
1560 5537 1727 5598 intercedat
1742 5537 1928 5599 discriminis
1944 5539 2027 5599 inter
2043 5539 2137 5616 Beth-¹

1390 5631 1561 5694 leerniticos
1582 5631 1719 5691 inientes
1741 5637 1773 5692 et
1798 5638 1915 5692 ceteros
1936 5647 2056 5708 omneS,
2082 5633 2135 5711 qui

1391 5734 1458 5805 post
1479 5727 1558 5804 ipsos
1580 5743 1634 5804 pro
1658 5727 1779 5788 Christo
1803 5727 1972 5787 intereunt
2380 5799 2381 5802 Ἴ

1431 5819 1519 5896 §Eli
1549 5820 1766 5896 Quaecumque
1804 5821 1949 5882 hactenus
1981 5821 2134 5899 persecuti
2154 5818 2334 5888 'commendatur
2380 5817 2381 5822 ’

1390 5930 1510 5988 sumus,
1539 5913 1637 5974 videri
1666 5927 1790 5990 quoque
1812 5922 1939 5990 possunt
1961 5913 1996 5972 ia
2025 5921 2134 5976 aestro
2153 5874 2333 5983 llirgiuiiiuiss
2380 5933 2381 5938 ¹
